[{"e": "aggTrade", "E": 1604224800094, "s": "BTCUSDT", "a": 408220421, "p": "13687.52000000", "q": "0.00397600", "f": 448768361, "l": 448768362, "T": 1604224800093, "m": true, "M": true}, {"e": "aggTrade", "E": 1604224800202, "s": "BTCUSDT", "a": 408220422, "p": "13687.52000000", "q": "0.00200200", "f": 448768363, "l": 448768364, "T": 1604224800200, "m": true, "M": true}, {"e": "aggTrade", "E": 1604224800232, "s": "BTCUSDT", "a": 408220423, "p": "13687.53000000", "q": "0.06036000", "f": 448768365, "l": 448768365, "T": 1604224800231, "m": false, "M": true}, {"e": "aggTrade", "E": 1604224800635, "s": "BTCUSDT", "a": 408220424, "p": "13687.52000000", "q": "0.00730300", "f": 448768366, "l": 448768367, "T": 1604224800634, "m": true, "M": true}, {"e": "aggTrade", "E": 1604224800689, "s": "BTCUSDT", "a": 408220425, "p": "13687.53000000", "q": "0.06031000", "f": 448768368, "l": 448768368, "T": 1604224800688, "m": false, "M": true}, {"e": "aggTrade", "E": 1604224800797, "s": "BTCUSDT", "a": 408220426, "p": "13687.52000000", "q": "0.00001200", "f": 448768369, "l": 448768369, "T": 1604224800796, "m": true, "M": true}, {"e": "aggTrade", "E": 1604224800843, "s": "BTCUSDT", "a": 408220427, "p": "13687.24000000", "q": "0.00739800", "f": 448768370, "l": 448768370, "T": 1604224800842, "m": false, "M": true}, {"e": "aggTrade", "E": 1604224800920, "s": "BTCUSDT", "a": 408220428, "p": "13687.23000000", "q": "0.02097900", "f": 448768371, "l": 448768373, "T": 1604224800919, "m": true, "M": true}, {"e": "aggTrade", "E": 1604224801124, "s": "BTCUSDT", "a": 408220429, "p": "13686.81000000", "q": "0.06111500", "f": 448768374, "l": 448768375, "T": 1604224801122, "m": false, "M": true}, {"e": "aggTrade", "E": 1604224801126, "s": "BTCUSDT", "a": 408220430, "p": "13686.80000000", "q": "0.00899500", "f": 448768376, "l": 448768376, "T": 1604224801125, "m": true, "M": true}, {"e": "aggTrade", "E": 1604224801259, "s": "BTCUSDT", "a": 408220431, "p": "13686.80000000", "q": "0.00864000", "f": 448768377, "l": 448768378, "T": 1604224801258, "m": true, "M": true}, {"e": "aggTrade", "E": 1604224801314, "s": "BTCUSDT", "a": 408220432, "p": "13686.81000000", "q": "0.00080300", "f": 448768379, "l": 448768379, "T": 1604224801313, "m": false, "M": true}, {"e": "aggTrade", "E": 1604224801325, "s": "BTCUSDT", "a": 408220433, "p": "13686.80000000", "q": "0.51726400", "f": 448768380, "l": 448768381, "T": 1604224801323, "m": true, "M": true}, {"e": "aggTrade", "E": 1604224801441, "s": "BTCUSDT", "a": 408220434, "p": "13686.80000000", "q": "0.60929000", "f": 448768382, "l": 448768382, "T": 1604224801440, "m": true, "M": true}, {"e": "aggTrade", "E": 1604224801442, "s": "BTCUSDT", "a": 408220435, "p": "13686.36000000", "q": "0.01003500", "f": 448768383, "l": 448768384, "T": 1604224801441, "m": true, "M": true}, {"e": "aggTrade", "E": 1604224801442, "s": "BTCUSDT", "a": 408220436, "p": "13686.12000000", "q": "0.01900400", "f": 448768385, "l": 448768385, "T": 1604224801441, "m": true, "M": true}, {"e": "aggTrade", "E": 1604224801442, "s": "BTCUSDT", "a": 408220437, "p": "13684.62000000", "q": "0.00146100", "f": 448768386, "l": 448768386, "T": 1604224801441, "m": true, "M": true}, {"e": "aggTrade", "E": 1604224801442, "s": "BTCUSDT", "a": 408220438, "p": "13684.61000000", "q": "0.11868100", "f": 448768387, "l": 448768387, "T": 1604224801441, "m": true, "M": true}, {"e": "aggTrade", "E": 1604224801442, "s": "BTCUSDT", "a": 408220439, "p": "13683.77000000", "q": "0.01000000", "f": 448768388, "l": 448768388, "T": 1604224801441, "m": true, "M": true}, {"e": "aggTrade", "E": 1604224801442, "s": "BTCUSDT", "a": 408220440, "p": "13683.76000000", "q": "0.14652200", "f": 448768389, "l": 448768389, "T": 1604224801441, "m": true, "M": true}, {"e": "aggTrade", "E": 1604224801442, "s": "BTCUSDT", "a": 408220441, "p": "13683.57000000", "q": "0.01533100", "f": 448768390, "l": 448768390, "T": 1604224801441, "m": true, "M": true}, {"e": "aggTrade", "E": 1604224801521, "s": "BTCUSDT", "a": 408220442, "p": "13686.13000000", "q": "0.00679300", "f": 448768391, "l": 448768391, "T": 1604224801520, "m": false, "M": true}, {"e": "aggTrade", "E": 1604224801531, "s": "BTCUSDT", "a": 408220443, "p": "13686.13000000", "q": "0.06001400", "f": 448768392, "l": 448768392, "T": 1604224801530, "m": false, "M": true}, {"e": "aggTrade", "E": 1604224801788, "s": "BTCUSDT", "a": 408220444, "p": "13686.13000000", "q": "0.00241400", "f": 448768393, "l": 448768393, "T": 1604224801787, "m": false, "M": true}, {"e": "aggTrade", "E": 1604224801927, "s": "BTCUSDT", "a": 408220445, "p": "13686.13000000", "q": "0.00079800", "f": 448768394, "l": 448768394, "T": 1604224801926, "m": false, "M": true}, {"e": "aggTrade", "E": 1604224801940, "s": "BTCUSDT", "a": 408220446, "p": "13686.13000000", "q": "0.06043100", "f": 448768395, "l": 448768395, "T": 1604224801939, "m": false, "M": true}, {"e": "aggTrade", "E": 1604224802347, "s": "BTCUSDT", "a": 408220447, "p": "13686.13000000", "q": "0.06000900", "f": 448768396, "l": 448768396, "T": 1604224802346, "m": false, "M": true}, {"e": "aggTrade", "E": 1604224802643, "s": "BTCUSDT", "a": 408220448, "p": "13686.13000000", "q": "0.00088100", "f": 448768397, "l": 448768397, "T": 1604224802642, "m": false, "M": true}, {"e": "aggTrade", "E": 1604224802758, "s": "BTCUSDT", "a": 408220449, "p": "13686.13000000", "q": "0.06023700", "f": 448768398, "l": 448768398, "T": 1604224802757, "m": false, "M": true}, {"e": "aggTrade", "E": 1604224802808, "s": "BTCUSDT", "a": 408220450, "p": "13686.12000000", "q": "0.01280300", "f": 448768399, "l": 448768401, "T": 1604224802807, "m": true, "M": true}, {"e": "aggTrade", "E": 1604224802945, "s": "BTCUSDT", "a": 408220451, "p": "13686.12000000", "q": "0.00205000", "f": 448768402, "l": 448768402, "T": 1604224802944, "m": true, "M": true}, {"e": "aggTrade", "E": 1604224803044, "s": "BTCUSDT", "a": 408220452, "p": "13686.12000000", "q": "0.01276000", "f": 448768403, "l": 448768404, "T": 1604224803043, "m": true, "M": true}, {"e": "aggTrade", "E": 1604224803206, "s": "BTCUSDT", "a": 408220453, "p": "13685.21000000", "q": "0.06008300", "f": 448768405, "l": 448768406, "T": 1604224803204, "m": false, "M": true}, {"e": "aggTrade", "E": 1604224803573, "s": "BTCUSDT", "a": 408220454, "p": "13685.20000000", "q": "0.00900000", "f": 448768407, "l": 448768407, "T": 1604224803572, "m": true, "M": true}, {"e": "aggTrade", "E": 1604224803573, "s": "BTCUSDT", "a": 408220455, "p": "13684.27000000", "q": "0.00146100", "f": 448768408, "l": 448768408, "T": 1604224803572, "m": true, "M": true}, {"e": "aggTrade", "E": 1604224803573, "s": "BTCUSDT", "a": 408220456, "p": "13683.50000000", "q": "0.03750000", "f": 448768409, "l": 448768409, "T": 1604224803572, "m": true, "M": true}, {"e": "aggTrade", "E": 1604224803573, "s": "BTCUSDT", "a": 408220457, "p": "13683.01000000", "q": "0.04533000", "f": 448768410, "l": 448768410, "T": 1604224803572, "m": true, "M": true}, {"e": "aggTrade", "E": 1604224803573, "s": "BTCUSDT", "a": 408220458, "p": "13683.00000000", "q": "0.03750000", "f": 448768411, "l": 448768411, "T": 1604224803572, "m": true, "M": true}, {"e": "aggTrade", "E": 1604224803573, "s": "BTCUSDT", "a": 408220459, "p": "13682.94000000", "q": "0.27080000", "f": 448768412, "l": 448768412, "T": 1604224803572, "m": true, "M": true}, {"e": "aggTrade", "E": 1604224803624, "s": "BTCUSDT", "a": 408220460, "p": "13684.08000000", "q": "0.06041300", "f": 448768413, "l": 448768414, "T": 1604224803623, "m": false, "M": true}, {"e": "aggTrade", "E": 1604224803648, "s": "BTCUSDT", "a": 408220461, "p": "13684.08000000", "q": "0.00364000", "f": 448768415, "l": 448768415, "T": 1604224803647, "m": false, "M": true}, {"e": "aggTrade", "E": 1604224803760, "s": "BTCUSDT", "a": 408220462, "p": "13684.08000000", "q": "0.00400000", "f": 448768416, "l": 448768416, "T": 1604224803759, "m": false, "M": true}, {"e": "aggTrade", "E": 1604224803783, "s": "BTCUSDT", "a": 408220463, "p": "13684.07000000", "q": "0.50756500", "f": 448768417, "l": 448768418, "T": 1604224803781, "m": true, "M": true}, {"e": "aggTrade", "E": 1604224804042, "s": "BTCUSDT", "a": 408220464, "p": "13684.08000000", "q": "0.06004200", "f": 448768419, "l": 448768419, "T": 1604224804041, "m": false, "M": true}, {"e": "aggTrade", "E": 1604224804481, "s": "BTCUSDT", "a": 408220465, "p": "13684.95000000", "q": "0.06151300", "f": 448768420, "l": 448768422, "T": 1604224804480, "m": false, "M": true}, {"e": "aggTrade", "E": 1604224804891, "s": "BTCUSDT", "a": 408220466, "p": "13685.06000000", "q": "0.00900000", "f": 448768423, "l": 448768423, "T": 1604224804890, "m": false, "M": true}, {"e": "aggTrade", "E": 1604224804891, "s": "BTCUSDT", "a": 408220467, "p": "13685.20000000", "q": "0.00292200", "f": 448768424, "l": 448768424, "T": 1604224804890, "m": false, "M": true}, {"e": "aggTrade", "E": 1604224804891, "s": "BTCUSDT", "a": 408220468, "p": "13686.23000000", "q": "0.00973200", "f": 448768425, "l": 448768425, "T": 1604224804890, "m": false, "M": true}, {"e": "aggTrade", "E": 1604224804891, "s": "BTCUSDT", "a": 408220469, "p": "13686.32000000", "q": "0.00400000", "f": 448768426, "l": 448768427, "T": 1604224804890, "m": false, "M": true}, {"e": "aggTrade", "E": 1604224804891, "s": "BTCUSDT", "a": 408220470, "p": "13686.41000000", "q": "0.01321800", "f": 448768428, "l": 448768428, "T": 1604224804890, "m": false, "M": true}, {"e": "aggTrade", "E": 1604224804891, "s": "BTCUSDT", "a": 408220471, "p": "13686.59000000", "q": "0.00900000", "f": 448768429, "l": 448768429, "T": 1604224804890, "m": false, "M": true}, {"e": "aggTrade", "E": 1604224804891, "s": "BTCUSDT", "a": 408220472, "p": "13686.73000000", "q": "0.01241700", "f": 448768430, "l": 448768430, "T": 1604224804890, "m": false, "M": true}, {"e": "aggTrade", "E": 1604224805311, "s": "BTCUSDT", "a": 408220473, "p": "13685.90000000", "q": "0.00900000", "f": 448768431, "l": 448768431, "T": 1604224805310, "m": false, "M": true}, {"e": "aggTrade", "E": 1604224805311, "s": "BTCUSDT", "a": 408220474, "p": "13686.81000000", "q": "0.05118400", "f": 448768432, "l": 448768432, "T": 1604224805310, "m": false, "M": true}, {"e": "aggTrade", "E": 1604224805482, "s": "BTCUSDT", "a": 408220475, "p": "13686.35000000", "q": "0.02790900", "f": 448768433, "l": 448768434, "T": 1604224805481, "m": true, "M": true}, {"e": "aggTrade", "E": 1604224805735, "s": "BTCUSDT", "a": 408220476, "p": "13685.94000000", "q": "0.00082900", "f": 448768435, "l": 448768435, "T": 1604224805734, "m": true, "M": true}, {"e": "aggTrade", "E": 1604224805756, "s": "BTCUSDT", "a": 408220477, "p": "13685.95000000", "q": "0.06072000", "f": 448768436, "l": 448768436, "T": 1604224805755, "m": false, "M": true}, {"e": "aggTrade", "E": 1604224806110, "s": "BTCUSDT", "a": 408220478, "p": "13685.94000000", "q": "0.00899600", "f": 448768437, "l": 448768437, "T": 1604224806108, "m": true, "M": true}, {"e": "aggTrade", "E": 1604224806189, "s": "BTCUSDT", "a": 408220479, "p": "13685.95000000", "q": "0.06021800", "f": 448768438, "l": 448768438, "T": 1604224806188, "m": false, "M": true}, {"e": "aggTrade", "E": 1604224806612, "s": "BTCUSDT", "a": 408220480, "p": "13685.90000000", "q": "0.06025000", "f": 448768439, "l": 448768439, "T": 1604224806611, "m": false, "M": true}, {"e": "aggTrade", "E": 1604224806668, "s": "BTCUSDT", "a": 408220481, "p": "13685.90000000", "q": "0.00229600", "f": 448768440, "l": 448768440, "T": 1604224806667, "m": false, "M": true}, {"e": "aggTrade", "E": 1604224806747, "s": "BTCUSDT", "a": 408220482, "p": "13685.90000000", "q": "0.00200000", "f": 448768441, "l": 448768441, "T": 1604224806746, "m": false, "M": true}, {"e": "aggTrade", "E": 1604224806941, "s": "BTCUSDT", "a": 408220483, "p": "13685.89000000", "q": "0.02210900", "f": 448768442, "l": 448768444, "T": 1604224806939, "m": true, "M": true}, {"e": "aggTrade", "E": 1604224806977, "s": "BTCUSDT", "a": 408220484, "p": "13685.48000000", "q": "0.00229600", "f": 448768445, "l": 448768445, "T": 1604224806976, "m": false, "M": true}, {"e": "aggTrade", "E": 1604224807028, "s": "BTCUSDT", "a": 408220485, "p": "13685.48000000", "q": "0.06013400", "f": 448768446, "l": 448768446, "T": 1604224807027, "m": false, "M": true}, {"e": "aggTrade", "E": 1604224807043, "s": "BTCUSDT", "a": 408220486, "p": "13685.47000000", "q": "0.01669400", "f": 448768447, "l": 448768448, "T": 1604224807042, "m": true, "M": true}, {"e": "aggTrade", "E": 1604224807055, "s": "BTCUSDT", "a": 408220487, "p": "13685.48000000", "q": "0.00200000", "f": 448768449, "l": 448768449, "T": 1604224807054, "m": false, "M": true}, {"e": "aggTrade", "E": 1604224807351, "s": "BTCUSDT", "a": 408220488, "p": "13685.07000000", "q": "0.00196500", "f": 448768450, "l": 448768450, "T": 1604224807349, "m": false, "M": true}, {"e": "aggTrade", "E": 1604224807427, "s": "BTCUSDT", "a": 408220489, "p": "13685.07000000", "q": "0.00126300", "f": 448768451, "l": 448768451, "T": 1604224807426, "m": false, "M": true}, {"e": "aggTrade", "E": 1604224807428, "s": "BTCUSDT", "a": 408220490, "p": "13685.07000000", "q": "0.00126300", "f": 448768452, "l": 448768452, "T": 1604224807427, "m": false, "M": true}, {"e": "aggTrade", "E": 1604224807428, "s": "BTCUSDT", "a": 408220491, "p": "13685.07000000", "q": "0.00126300", "f": 448768453, "l": 448768453, "T": 1604224807427, "m": false, "M": true}, {"e": "aggTrade", "E": 1604224807436, "s": "BTCUSDT", "a": 408220492, "p": "13685.07000000", "q": "0.06021800", "f": 448768454, "l": 448768454, "T": 1604224807435, "m": false, "M": true}, {"e": "aggTrade", "E": 1604224807724, "s": "BTCUSDT", "a": 408220493, "p": "13685.06000000", "q": "0.00500000", "f": 448768455, "l": 448768456, "T": 1604224807723, "m": true, "M": true}, {"e": "aggTrade", "E": 1604224807814, "s": "BTCUSDT", "a": 408220494, "p": "13685.06000000", "q": "0.00752800", "f": 448768457, "l": 448768458, "T": 1604224807813, "m": true, "M": true}, {"e": "aggTrade", "E": 1604224807814, "s": "BTCUSDT", "a": 408220495, "p": "13685.05000000", "q": "0.00008500", "f": 448768459, "l": 448768459, "T": 1604224807813, "m": true, "M": true}, {"e": "aggTrade", "E": 1604224807841, "s": "BTCUSDT", "a": 408220496, "p": "13685.06000000", "q": "0.06049000", "f": 448768460, "l": 448768460, "T": 1604224807840, "m": false, "M": true}, {"e": "aggTrade", "E": 1604224808131, "s": "BTCUSDT", "a": 408220497, "p": "13685.06000000", "q": "0.01140800", "f": 448768461, "l": 448768461, "T": 1604224808130, "m": false, "M": true}, {"e": "aggTrade", "E": 1604224808166, "s": "BTCUSDT", "a": 408220498, "p": "13685.05000000", "q": "0.00103400", "f": 448768462, "l": 448768462, "T": 1604224808164, "m": true, "M": true}, {"e": "aggTrade", "E": 1604224808166, "s": "BTCUSDT", "a": 408220499, "p": "13685.00000000", "q": "0.00900000", "f": 448768463, "l": 448768463, "T": 1604224808164, "m": true, "M": true}, {"e": "aggTrade", "E": 1604224808166, "s": "BTCUSDT", "a": 408220500, "p": "13684.50000000", "q": "0.00900000", "f": 448768464, "l": 448768464, "T": 1604224808164, "m": true, "M": true}, {"e": "aggTrade", "E": 1604224808166, "s": "BTCUSDT", "a": 408220501, "p": "13684.21000000", "q": "0.00250700", "f": 448768465, "l": 448768465, "T": 1604224808164, "m": true, "M": true}, {"e": "aggTrade", "E": 1604224808226, "s": "BTCUSDT", "a": 408220502, "p": "13684.22000000", "q": "0.06030600", "f": 448768466, "l": 448768466, "T": 1604224808225, "m": false, "M": true}, {"e": "aggTrade", "E": 1604224808605, "s": "BTCUSDT", "a": 408220503, "p": "13684.22000000", "q": "0.06005700", "f": 448768467, "l": 448768467, "T": 1604224808603, "m": false, "M": true}, {"e": "aggTrade", "E": 1604224808986, "s": "BTCUSDT", "a": 408220504, "p": "13684.22000000", "q": "0.06017700", "f": 448768468, "l": 448768468, "T": 1604224808985, "m": false, "M": true}, {"e": "aggTrade", "E": 1604224809411, "s": "BTCUSDT", "a": 408220505, "p": "13684.22000000", "q": "0.06026100", "f": 448768469, "l": 448768469, "T": 1604224809410, "m": false, "M": true}, {"e": "aggTrade", "E": 1604224809837, "s": "BTCUSDT", "a": 408220506, "p": "13684.22000000", "q": "0.06077700", "f": 448768470, "l": 448768470, "T": 1604224809836, "m": false, "M": true}, {"e": "aggTrade", "E": 1604224809985, "s": "BTCUSDT", "a": 408220507, "p": "13684.21000000", "q": "0.00309300", "f": 448768471, "l": 448768471, "T": 1604224809984, "m": true, "M": true}, {"e": "aggTrade", "E": 1604224810132, "s": "BTCUSDT", "a": 408220508, "p": "13684.21000000", "q": "0.00902900", "f": 448768472, "l": 448768474, "T": 1604224810130, "m": true, "M": true}, {"e": "aggTrade", "E": 1604224810199, "s": "BTCUSDT", "a": 408220509, "p": "13684.21000000", "q": "0.00056600", "f": 448768475, "l": 448768475, "T": 1604224810197, "m": true, "M": true}, {"e": "aggTrade", "E": 1604224810199, "s": "BTCUSDT", "a": 408220510, "p": "13684.07000000", "q": "0.00200000", "f": 448768476, "l": 448768476, "T": 1604224810197, "m": true, "M": true}, {"e": "aggTrade", "E": 1604224810199, "s": "BTCUSDT", "a": 408220511, "p": "13682.50000000", "q": "0.03750000", "f": 448768477, "l": 448768477, "T": 1604224810197, "m": true, "M": true}, {"e": "aggTrade", "E": 1604224810199, "s": "BTCUSDT", "a": 408220512, "p": "13682.00000000", "q": "0.03750000", "f": 448768478, "l": 448768478, "T": 1604224810197, "m": true, "M": true}, {"e": "aggTrade", "E": 1604224810199, "s": "BTCUSDT", "a": 408220513, "p": "13681.53000000", "q": "0.02176100", "f": 448768479, "l": 448768480, "T": 1604224810197, "m": true, "M": true}, {"e": "aggTrade", "E": 1604224810199, "s": "BTCUSDT", "a": 408220514, "p": "13681.44000000", "q": "0.13107900", "f": 448768481, "l": 448768481, "T": 1604224810197, "m": true, "M": true}, {"e": "aggTrade", "E": 1604224810242, "s": "BTCUSDT", "a": 408220515, "p": "13682.84000000", "q": "0.06269800", "f": 448768482, "l": 448768483, "T": 1604224810241, "m": false, "M": true}, {"e": "aggTrade", "E": 1604224810266, "s": "BTCUSDT", "a": 408220516, "p": "13682.83000000", "q": "0.00948400", "f": 448768484, "l": 448768485, "T": 1604224810265, "m": true, "M": true}, {"e": "aggTrade", "E": 1604224810280, "s": "BTCUSDT", "a": 408220517, "p": "13682.84000000", "q": "0.00150100", "f": 448768486, "l": 448768486, "T": 1604224810279, "m": false, "M": true}, {"e": "aggTrade", "E": 1604224810522, "s": "BTCUSDT", "a": 408220518, "p": "13682.84000000", "q": "0.12446900", "f": 448768487, "l": 448768487, "T": 1604224810521, "m": false, "M": true}, {"e": "aggTrade", "E": 1604224810631, "s": "BTCUSDT", "a": 408220519, "p": "13682.84000000", "q": "0.06043800", "f": 448768488, "l": 448768488, "T": 1604224810629, "m": false, "M": true}, {"e": "aggTrade", "E": 1604224810646, "s": "BTCUSDT", "a": 408220520, "p": "13682.84000000", "q": "0.08924100", "f": 448768489, "l": 448768489, "T": 1604224810645, "m": false, "M": true}, {"e": "aggTrade", "E": 1604224810708, "s": "BTCUSDT", "a": 408220521, "p": "13682.83000000", "q": "0.33326200", "f": 448768490, "l": 448768490, "T": 1604224810707, "m": true, "M": true}, {"e": "aggTrade", "E": 1604224810719, "s": "BTCUSDT", "a": 408220522, "p": "13682.84000000", "q": "0.03720600", "f": 448768491, "l": 448768491, "T": 1604224810718, "m": false, "M": true}, {"e": "aggTrade", "E": 1604224810840, "s": "BTCUSDT", "a": 408220523, "p": "13682.50000000", "q": "0.00291000", "f": 448768492, "l": 448768492, "T": 1604224810838, "m": false, "M": true}, {"e": "aggTrade", "E": 1604224810929, "s": "BTCUSDT", "a": 408220524, "p": "13682.50000000", "q": "0.00800000", "f": 448768493, "l": 448768494, "T": 1604224810928, "m": false, "M": true}, {"e": "aggTrade", "E": 1604224810989, "s": "BTCUSDT", "a": 408220525, "p": "13682.50000000", "q": "0.00107100", "f": 448768495, "l": 448768495, "T": 1604224810987, "m": false, "M": true}, {"e": "aggTrade", "E": 1604224811025, "s": "BTCUSDT", "a": 408220526, "p": "13682.50000000", "q": "0.06014300", "f": 448768496, "l": 448768496, "T": 1604224811024, "m": false, "M": true}, {"e": "aggTrade", "E": 1604224811141, "s": "BTCUSDT", "a": 408220527, "p": "13682.50000000", "q": "0.05172600", "f": 448768497, "l": 448768497, "T": 1604224811140, "m": false, "M": true}, {"e": "aggTrade", "E": 1604224811416, "s": "BTCUSDT", "a": 408220528, "p": "13682.50000000", "q": "0.06020300", "f": 448768498, "l": 448768498, "T": 1604224811415, "m": false, "M": true}, {"e": "aggTrade", "E": 1604224811433, "s": "BTCUSDT", "a": 408220529, "p": "13682.50000000", "q": "0.00935700", "f": 448768499, "l": 448768499, "T": 1604224811432, "m": false, "M": true}, {"e": "aggTrade", "E": 1604224811504, "s": "BTCUSDT", "a": 408220530, "p": "13682.50000000", "q": "0.00124200", "f": 448768500, "l": 448768500, "T": 1604224811502, "m": false, "M": true}, {"e": "aggTrade", "E": 1604224811636, "s": "BTCUSDT", "a": 408220531, "p": "13682.50000000", "q": "0.00124200", "f": 448768501, "l": 448768501, "T": 1604224811635, "m": false, "M": true}, {"e": "aggTrade", "E": 1604224811765, "s": "BTCUSDT", "a": 408220532, "p": "13682.50000000", "q": "0.00124200", "f": 448768502, "l": 448768502, "T": 1604224811763, "m": false, "M": true}, {"e": "aggTrade", "E": 1604224811794, "s": "BTCUSDT", "a": 408220533, "p": "13682.50000000", "q": "0.52387000", "f": 448768503, "l": 448768503, "T": 1604224811792, "m": false, "M": true}, {"e": "aggTrade", "E": 1604224811818, "s": "BTCUSDT", "a": 408220534, "p": "13682.50000000", "q": "0.06014900", "f": 448768504, "l": 448768504, "T": 1604224811817, "m": false, "M": true}, {"e": "aggTrade", "E": 1604224811905, "s": "BTCUSDT", "a": 408220535, "p": "13682.50000000", "q": "0.02820600", "f": 448768505, "l": 448768505, "T": 1604224811904, "m": false, "M": true}, {"e": "aggTrade", "E": 1604224811979, "s": "BTCUSDT", "a": 408220536, "p": "13682.49000000", "q": "0.00117800", "f": 448768506, "l": 448768506, "T": 1604224811978, "m": true, "M": true}, {"e": "aggTrade", "E": 1604224811985, "s": "BTCUSDT", "a": 408220537, "p": "13682.49000000", "q": "0.01187700", "f": 448768507, "l": 448768508, "T": 1604224811984, "m": true, "M": true}, {"e": "aggTrade", "E": 1604224812003, "s": "BTCUSDT", "a": 408220538, "p": "13682.50000000", "q": "0.39494000", "f": 448768509, "l": 448768510, "T": 1604224812002, "m": false, "M": true}, {"e": "aggTrade", "E": 1604224812211, "s": "BTCUSDT", "a": 408220539, "p": "13682.50000000", "q": "0.00002600", "f": 448768511, "l": 448768511, "T": 1604224812210, "m": false, "M": true}, {"e": "aggTrade", "E": 1604224812211, "s": "BTCUSDT", "a": 408220540, "p": "13684.21000000", "q": "0.00146100", "f": 448768512, "l": 448768512, "T": 1604224812210, "m": false, "M": true}, {"e": "aggTrade", "E": 1604224812211, "s": "BTCUSDT", "a": 408220541, "p": "13684.22000000", "q": "0.05862800", "f": 448768513, "l": 448768513, "T": 1604224812210, "m": false, "M": true}, {"e": "aggTrade", "E": 1604224812533, "s": "BTCUSDT", "a": 408220542, "p": "13683.35000000", "q": "0.00446400", "f": 448768514, "l": 448768514, "T": 1604224812532, "m": true, "M": true}, {"e": "aggTrade", "E": 1604224812628, "s": "BTCUSDT", "a": 408220543, "p": "13683.36000000", "q": "0.06114700", "f": 448768515, "l": 448768516, "T": 1604224812627, "m": false, "M": true}, {"e": "aggTrade", "E": 1604224812752, "s": "BTCUSDT", "a": 408220544, "p": "13683.36000000", "q": "0.00304000", "f": 448768517, "l": 448768517, "T": 1604224812751, "m": false, "M": true}, {"e": "aggTrade", "E": 1604224813033, "s": "BTCUSDT", "a": 408220545, "p": "13683.36000000", "q": "0.06030800", "f": 448768518, "l": 448768518, "T": 1604224813032, "m": false, "M": true}, {"e": "aggTrade", "E": 1604224813106, "s": "BTCUSDT", "a": 408220546, "p": "13683.35000000", "q": "0.21157200", "f": 448768519, "l": 448768520, "T": 1604224813105, "m": true, "M": true}, {"e": "aggTrade", "E": 1604224813106, "s": "BTCUSDT", "a": 408220547, "p": "13682.67000000", "q": "0.01396800", "f": 448768521, "l": 448768521, "T": 1604224813105, "m": true, "M": true}, {"e": "aggTrade", "E": 1604224813106, "s": "BTCUSDT", "a": 408220548, "p": "13682.51000000", "q": "0.15421800", "f": 448768522, "l": 448768522, "T": 1604224813105, "m": true, "M": true}, {"e": "aggTrade", "E": 1604224813149, "s": "BTCUSDT", "a": 408220549, "p": "13682.51000000", "q": "0.00074500", "f": 448768523, "l": 448768523, "T": 1604224813147, "m": false, "M": true}, {"e": "aggTrade", "E": 1604224813425, "s": "BTCUSDT", "a": 408220550, "p": "13682.50000000", "q": "0.01792700", "f": 448768524, "l": 448768526, "T": 1604224813423, "m": true, "M": true}, {"e": "aggTrade", "E": 1604224813425, "s": "BTCUSDT", "a": 408220551, "p": "13682.49000000", "q": "0.01400000", "f": 448768527, "l": 448768529, "T": 1604224813423, "m": true, "M": true}, {"e": "aggTrade", "E": 1604224813425, "s": "BTCUSDT", "a": 408220552, "p": "13682.48000000", "q": "0.02192500", "f": 448768530, "l": 448768530, "T": 1604224813423, "m": true, "M": true}, {"e": "aggTrade", "E": 1604224813425, "s": "BTCUSDT", "a": 408220553, "p": "13681.01000000", "q": "0.01000000", "f": 448768531, "l": 448768531, "T": 1604224813423, "m": true, "M": true}, {"e": "aggTrade", "E": 1604224813425, "s": "BTCUSDT", "a": 408220554, "p": "13681.00000000", "q": "0.06558600", "f": 448768532, "l": 448768532, "T": 1604224813423, "m": true, "M": true}, {"e": "aggTrade", "E": 1604224813425, "s": "BTCUSDT", "a": 408220555, "p": "13680.98000000", "q": "0.00900000", "f": 448768533, "l": 448768533, "T": 1604224813423, "m": true, "M": true}, {"e": "aggTrade", "E": 1604224813425, "s": "BTCUSDT", "a": 408220556, "p": "13680.64000000", "q": "0.00900000", "f": 448768534, "l": 448768534, "T": 1604224813423, "m": true, "M": true}, {"e": "aggTrade", "E": 1604224813425, "s": "BTCUSDT", "a": 408220557, "p": "13680.39000000", "q": "0.01000000", "f": 448768535, "l": 448768535, "T": 1604224813423, "m": true, "M": true}, {"e": "aggTrade", "E": 1604224813425, "s": "BTCUSDT", "a": 408220558, "p": "13680.33000000", "q": "0.09776200", "f": 448768536, "l": 448768536, "T": 1604224813423, "m": true, "M": true}, {"e": "aggTrade", "E": 1604224813425, "s": "BTCUSDT", "a": 408220559, "p": "13680.30000000", "q": "0.00900000", "f": 448768537, "l": 448768537, "T": 1604224813423, "m": true, "M": true}, {"e": "aggTrade", "E": 1604224813456, "s": "BTCUSDT", "a": 408220560, "p": "13681.26000000", "q": "0.00900000", "f": 448768538, "l": 448768538, "T": 1604224813455, "m": false, "M": true}, {"e": "aggTrade", "E": 1604224813456, "s": "BTCUSDT", "a": 408220561, "p": "13681.82000000", "q": "0.05341800", "f": 448768539, "l": 448768539, "T": 1604224813455, "m": false, "M": true}, {"e": "aggTrade", "E": 1604224813491, "s": "BTCUSDT", "a": 408220562, "p": "13681.25000000", "q": "0.39436400", "f": 448768540, "l": 448768541, "T": 1604224813489, "m": true, "M": true}, {"e": "aggTrade", "E": 1604224813581, "s": "BTCUSDT", "a": 408220563, "p": "13681.26000000", "q": "0.05385000", "f": 448768542, "l": 448768542, "T": 1604224813579, "m": false, "M": true}, {"e": "aggTrade", "E": 1604224813750, "s": "BTCUSDT", "a": 408220564, "p": "13682.44000000", "q": "0.00206800", "f": 448768543, "l": 448768543, "T": 1604224813749, "m": false, "M": true}, {"e": "aggTrade", "E": 1604224813875, "s": "BTCUSDT", "a": 408220565, "p": "13682.44000000", "q": "0.00900000", "f": 448768544, "l": 448768544, "T": 1604224813874, "m": false, "M": true}, {"e": "aggTrade", "E": 1604224813875, "s": "BTCUSDT", "a": 408220566, "p": "13682.51000000", "q": "0.05141400", "f": 448768545, "l": 448768545, "T": 1604224813874, "m": false, "M": true}, {"e": "aggTrade", "E": 1604224814068, "s": "BTCUSDT", "a": 408220567, "p": "13682.50000000", "q": "0.00082300", "f": 448768546, "l": 448768546, "T": 1604224814067, "m": true, "M": true}, {"e": "aggTrade", "E": 1604224814195, "s": "BTCUSDT", "a": 408220568, "p": "13682.51000000", "q": "0.03187200", "f": 448768547, "l": 448768547, "T": 1604224814193, "m": false, "M": true}, {"e": "aggTrade", "E": 1604224814263, "s": "BTCUSDT", "a": 408220569, "p": "13682.51000000", "q": "0.09713800", "f": 448768548, "l": 448768551, "T": 1604224814261, "m": false, "M": true}, {"e": "aggTrade", "E": 1604224814290, "s": "BTCUSDT", "a": 408220570, "p": "13682.51000000", "q": "0.00002300", "f": 448768552, "l": 448768552, "T": 1604224814289, "m": false, "M": true}, {"e": "aggTrade", "E": 1604224814290, "s": "BTCUSDT", "a": 408220571, "p": "13682.69000000", "q": "0.01400000", "f": 448768553, "l": 448768555, "T": 1604224814289, "m": false, "M": true}, {"e": "aggTrade", "E": 1604224814290, "s": "BTCUSDT", "a": 408220572, "p": "13682.94000000", "q": "0.00900000", "f": 448768556, "l": 448768556, "T": 1604224814289, "m": false, "M": true}, {"e": "aggTrade", "E": 1604224814290, "s": "BTCUSDT", "a": 408220573, "p": "13683.35000000", "q": "0.03706600", "f": 448768557, "l": 448768557, "T": 1604224814289, "m": false, "M": true}, {"e": "aggTrade", "E": 1604224814716, "s": "BTCUSDT", "a": 408220574, "p": "13683.35000000", "q": "0.06055400", "f": 448768558, "l": 448768559, "T": 1604224814715, "m": false, "M": true}, {"e": "aggTrade", "E": 1604224814841, "s": "BTCUSDT", "a": 408220575, "p": "13683.35000000", "q": "0.04620500", "f": 448768560, "l": 448768561, "T": 1604224814840, "m": false, "M": true}, {"e": "aggTrade", "E": 1604224814974, "s": "BTCUSDT", "a": 408220576, "p": "13684.26000000", "q": "0.06400000", "f": 448768562, "l": 448768562, "T": 1604224814973, "m": true, "M": true}, {"e": "aggTrade", "E": 1604224815107, "s": "BTCUSDT", "a": 408220577, "p": "13684.26000000", "q": "0.00400000", "f": 448768563, "l": 448768563, "T": 1604224815106, "m": true, "M": true}, {"e": "aggTrade", "E": 1604224815123, "s": "BTCUSDT", "a": 408220578, "p": "13684.27000000", "q": "0.06005500", "f": 448768564, "l": 448768566, "T": 1604224815122, "m": false, "M": true}, {"e": "aggTrade", "E": 1604224815202, "s": "BTCUSDT", "a": 408220579, "p": "13684.26000000", "q": "0.00400000", "f": 448768567, "l": 448768567, "T": 1604224815201, "m": true, "M": true}, {"e": "aggTrade", "E": 1604224815296, "s": "BTCUSDT", "a": 408220580, "p": "13684.26000000", "q": "0.00400000", "f": 448768568, "l": 448768568, "T": 1604224815295, "m": true, "M": true}, {"e": "aggTrade", "E": 1604224815395, "s": "BTCUSDT", "a": 408220581, "p": "13684.26000000", "q": "0.00364500", "f": 448768569, "l": 448768569, "T": 1604224815394, "m": true, "M": true}, {"e": "aggTrade", "E": 1604224815408, "s": "BTCUSDT", "a": 408220582, "p": "13684.26000000", "q": "0.14055900", "f": 448768570, "l": 448768570, "T": 1604224815407, "m": true, "M": true}, {"e": "aggTrade", "E": 1604224815530, "s": "BTCUSDT", "a": 408220583, "p": "13684.27000000", "q": "0.06036900", "f": 448768571, "l": 448768571, "T": 1604224815529, "m": false, "M": true}, {"e": "aggTrade", "E": 1604224815926, "s": "BTCUSDT", "a": 408220584, "p": "13684.27000000", "q": "0.03195700", "f": 448768572, "l": 448768573, "T": 1604224815925, "m": false, "M": true}, {"e": "aggTrade", "E": 1604224815926, "s": "BTCUSDT", "a": 408220585, "p": "13684.28000000", "q": "0.01500000", "f": 448768574, "l": 448768574, "T": 1604224815925, "m": false, "M": true}, {"e": "aggTrade", "E": 1604224815926, "s": "BTCUSDT", "a": 408220586, "p": "13684.41000000", "q": "0.00200000", "f": 448768575, "l": 448768575, "T": 1604224815925, "m": false, "M": true}, {"e": "aggTrade", "E": 1604224815926, "s": "BTCUSDT", "a": 408220587, "p": "13684.64000000", "q": "0.00900000", "f": 448768576, "l": 448768576, "T": 1604224815925, "m": false, "M": true}, {"e": "aggTrade", "E": 1604224815926, "s": "BTCUSDT", "a": 408220588, "p": "13685.00000000", "q": "0.00212100", "f": 448768577, "l": 448768577, "T": 1604224815925, "m": false, "M": true}, {"e": "aggTrade", "E": 1604224816049, "s": "BTCUSDT", "a": 408220589, "p": "13684.99000000", "q": "0.00400000", "f": 448768578, "l": 448768578, "T": 1604224816048, "m": true, "M": true}, {"e": "aggTrade", "E": 1604224816141, "s": "BTCUSDT", "a": 408220590, "p": "13684.99000000", "q": "0.00400000", "f": 448768579, "l": 448768579, "T": 1604224816139, "m": true, "M": true}, {"e": "aggTrade", "E": 1604224816160, "s": "BTCUSDT", "a": 408220591, "p": "13684.99000000", "q": "0.04009500", "f": 448768580, "l": 448768580, "T": 1604224816159, "m": true, "M": true}, {"e": "aggTrade", "E": 1604224816251, "s": "BTCUSDT", "a": 408220592, "p": "13684.99000000", "q": "0.00764500", "f": 448768581, "l": 448768581, "T": 1604224816249, "m": true, "M": true}, {"e": "aggTrade", "E": 1604224816330, "s": "BTCUSDT", "a": 408220593, "p": "13685.00000000", "q": "0.06002800", "f": 448768582, "l": 448768582, "T": 1604224816329, "m": false, "M": true}, {"e": "aggTrade", "E": 1604224816359, "s": "BTCUSDT", "a": 408220594, "p": "13684.99000000", "q": "0.00400000", "f": 448768583, "l": 448768583, "T": 1604224816357, "m": true, "M": true}, {"e": "aggTrade", "E": 1604224816456, "s": "BTCUSDT", "a": 408220595, "p": "13685.00000000", "q": "0.00198400", "f": 448768584, "l": 448768584, "T": 1604224816454, "m": false, "M": true}, {"e": "aggTrade", "E": 1604224816474, "s": "BTCUSDT", "a": 408220596, "p": "13684.99000000", "q": "0.00507700", "f": 448768585, "l": 448768585, "T": 1604224816473, "m": true, "M": true}, {"e": "aggTrade", "E": 1604224816559, "s": "BTCUSDT", "a": 408220597, "p": "13685.00000000", "q": "0.02984200", "f": 448768586, "l": 448768587, "T": 1604224816558, "m": false, "M": true}, {"e": "aggTrade", "E": 1604224816730, "s": "BTCUSDT", "a": 408220598, "p": "13685.00000000", "q": "0.00002500", "f": 448768588, "l": 448768588, "T": 1604224816729, "m": false, "M": true}, {"e": "aggTrade", "E": 1604224816730, "s": "BTCUSDT", "a": 408220599, "p": "13685.28000000", "q": "0.00900000", "f": 448768589, "l": 448768589, "T": 1604224816729, "m": false, "M": true}, {"e": "aggTrade", "E": 1604224816730, "s": "BTCUSDT", "a": 408220600, "p": "13685.69000000", "q": "0.00900000", "f": 448768590, "l": 448768590, "T": 1604224816729, "m": false, "M": true}, {"e": "aggTrade", "E": 1604224816730, "s": "BTCUSDT", "a": 408220601, "p": "13685.93000000", "q": "0.00900000", "f": 448768591, "l": 448768591, "T": 1604224816729, "m": false, "M": true}, {"e": "aggTrade", "E": 1604224816730, "s": "BTCUSDT", "a": 408220602, "p": "13686.16000000", "q": "0.00900000", "f": 448768592, "l": 448768592, "T": 1604224816729, "m": false, "M": true}, {"e": "aggTrade", "E": 1604224816730, "s": "BTCUSDT", "a": 408220603, "p": "13686.27000000", "q": "0.02400500", "f": 448768593, "l": 448768593, "T": 1604224816729, "m": false, "M": true}, {"e": "aggTrade", "E": 1604224816827, "s": "BTCUSDT", "a": 408220604, "p": "13685.69000000", "q": "0.00143700", "f": 448768594, "l": 448768594, "T": 1604224816826, "m": false, "M": true}, {"e": "aggTrade", "E": 1604224816882, "s": "BTCUSDT", "a": 408220605, "p": "13685.68000000", "q": "0.00800000", "f": 448768595, "l": 448768595, "T": 1604224816880, "m": true, "M": true}, {"e": "aggTrade", "E": 1604224817150, "s": "BTCUSDT", "a": 408220606, "p": "13685.69000000", "q": "0.00756300", "f": 448768596, "l": 448768596, "T": 1604224817149, "m": false, "M": true}, {"e": "aggTrade", "E": 1604224817150, "s": "BTCUSDT", "a": 408220607, "p": "13686.27000000", "q": "0.05244700", "f": 448768597, "l": 448768597, "T": 1604224817149, "m": false, "M": true}, {"e": "aggTrade", "E": 1604224817303, "s": "BTCUSDT", "a": 408220608, "p": "13686.26000000", "q": "0.00400000", "f": 448768598, "l": 448768598, "T": 1604224817302, "m": true, "M": true}, {"e": "aggTrade", "E": 1604224817408, "s": "BTCUSDT", "a": 408220609, "p": "13686.26000000", "q": "0.00400000", "f": 448768599, "l": 448768599, "T": 1604224817407, "m": true, "M": true}, {"e": "aggTrade", "E": 1604224817586, "s": "BTCUSDT", "a": 408220610, "p": "13686.27000000", "q": "0.00900000", "f": 448768600, "l": 448768600, "T": 1604224817585, "m": false, "M": true}, {"e": "aggTrade", "E": 1604224817586, "s": "BTCUSDT", "a": 408220611, "p": "13686.36000000", "q": "0.00900000", "f": 448768601, "l": 448768601, "T": 1604224817585, "m": false, "M": true}, {"e": "aggTrade", "E": 1604224817586, "s": "BTCUSDT", "a": 408220612, "p": "13687.34000000", "q": "0.00900000", "f": 448768602, "l": 448768602, "T": 1604224817585, "m": false, "M": true}, {"e": "aggTrade", "E": 1604224817586, "s": "BTCUSDT", "a": 408220613, "p": "13687.66000000", "q": "0.00900000", "f": 448768603, "l": 448768603, "T": 1604224817585, "m": false, "M": true}, {"e": "aggTrade", "E": 1604224817586, "s": "BTCUSDT", "a": 408220614, "p": "13687.72000000", "q": "0.02423400", "f": 448768604, "l": 448768605, "T": 1604224817585, "m": false, "M": true}, {"e": "aggTrade", "E": 1604224817778, "s": "BTCUSDT", "a": 408220615, "p": "13686.99000000", "q": "0.00352900", "f": 448768606, "l": 448768606, "T": 1604224817776, "m": true, "M": true}, {"e": "aggTrade", "E": 1604224817844, "s": "BTCUSDT", "a": 408220616, "p": "13686.99000000", "q": "0.00400000", "f": 448768607, "l": 448768607, "T": 1604224817842, "m": true, "M": true}, {"e": "aggTrade", "E": 1604224817961, "s": "BTCUSDT", "a": 408220617, "p": "13686.99000000", "q": "0.00400000", "f": 448768608, "l": 448768609, "T": 1604224817960, "m": true, "M": true}, {"e": "aggTrade", "E": 1604224818087, "s": "BTCUSDT", "a": 408220618, "p": "13686.99000000", "q": "0.00800000", "f": 448768610, "l": 448768610, "T": 1604224818086, "m": true, "M": true}, {"e": "aggTrade", "E": 1604224818159, "s": "BTCUSDT", "a": 408220619, "p": "13686.99000000", "q": "0.00661600", "f": 448768611, "l": 448768611, "T": 1604224818157, "m": true, "M": true}, {"e": "aggTrade", "E": 1604224818244, "s": "BTCUSDT", "a": 408220620, "p": "13686.99000000", "q": "0.05246400", "f": 448768612, "l": 448768612, "T": 1604224818243, "m": true, "M": true}, {"e": "aggTrade", "E": 1604224818745, "s": "BTCUSDT", "a": 408220621, "p": "13686.99000000", "q": "0.40153600", "f": 448768613, "l": 448768613, "T": 1604224818744, "m": true, "M": true}, {"e": "aggTrade", "E": 1604224819750, "s": "BTCUSDT", "a": 408220622, "p": "13686.99000000", "q": "0.00989000", "f": 448768614, "l": 448768616, "T": 1604224819749, "m": true, "M": true}, {"e": "aggTrade", "E": 1604224820048, "s": "BTCUSDT", "a": 408220623, "p": "13686.99000000", "q": "0.00000800", "f": 448768617, "l": 448768617, "T": 1604224820047, "m": true, "M": true}, {"e": "aggTrade", "E": 1604224820048, "s": "BTCUSDT", "a": 408220624, "p": "13685.97000000", "q": "0.00076200", "f": 448768618, "l": 448768618, "T": 1604224820047, "m": true, "M": true}, {"e": "aggTrade", "E": 1604224820091, "s": "BTCUSDT", "a": 408220625, "p": "13685.98000000", "q": "0.35123500", "f": 448768619, "l": 448768619, "T": 1604224820090, "m": false, "M": true}, {"e": "aggTrade", "E": 1604224820246, "s": "BTCUSDT", "a": 408220626, "p": "13685.98000000", "q": "0.00163100", "f": 448768620, "l": 448768620, "T": 1604224820244, "m": false, "M": true}, {"e": "aggTrade", "E": 1604224820276, "s": "BTCUSDT", "a": 408220627, "p": "13685.97000000", "q": "0.00086000", "f": 448768621, "l": 448768621, "T": 1604224820275, "m": true, "M": true}, {"e": "aggTrade", "E": 1604224820520, "s": "BTCUSDT", "a": 408220628, "p": "13685.98000000", "q": "0.06016100", "f": 448768622, "l": 448768622, "T": 1604224820519, "m": false, "M": true}, {"e": "aggTrade", "E": 1604224820944, "s": "BTCUSDT", "a": 408220629, "p": "13685.98000000", "q": "0.06011300", "f": 448768623, "l": 448768623, "T": 1604224820943, "m": false, "M": true}, {"e": "aggTrade", "E": 1604224821378, "s": "BTCUSDT", "a": 408220630, "p": "13685.98000000", "q": "0.06023300", "f": 448768624, "l": 448768624, "T": 1604224821377, "m": false, "M": true}, {"e": "aggTrade", "E": 1604224821474, "s": "BTCUSDT", "a": 408220631, "p": "13685.97000000", "q": "0.01837800", "f": 448768625, "l": 448768627, "T": 1604224821473, "m": true, "M": true}, {"e": "aggTrade", "E": 1604224821474, "s": "BTCUSDT", "a": 408220632, "p": "13685.68000000", "q": "0.38321900", "f": 448768628, "l": 448768628, "T": 1604224821473, "m": true, "M": true}, {"e": "aggTrade", "E": 1604224821629, "s": "BTCUSDT", "a": 408220633, "p": "13685.69000000", "q": "0.00101500", "f": 448768629, "l": 448768629, "T": 1604224821627, "m": false, "M": true}, {"e": "aggTrade", "E": 1604224821679, "s": "BTCUSDT", "a": 408220634, "p": "13685.69000000", "q": "0.00229600", "f": 448768630, "l": 448768630, "T": 1604224821678, "m": false, "M": true}, {"e": "aggTrade", "E": 1604224821767, "s": "BTCUSDT", "a": 408220635, "p": "13685.69000000", "q": "0.00200000", "f": 448768631, "l": 448768631, "T": 1604224821766, "m": false, "M": true}, {"e": "aggTrade", "E": 1604224821801, "s": "BTCUSDT", "a": 408220636, "p": "13685.69000000", "q": "0.06015600", "f": 448768632, "l": 448768632, "T": 1604224821800, "m": false, "M": true}, {"e": "aggTrade", "E": 1604224821853, "s": "BTCUSDT", "a": 408220637, "p": "13685.69000000", "q": "0.01570400", "f": 448768633, "l": 448768633, "T": 1604224821851, "m": false, "M": true}, {"e": "aggTrade", "E": 1604224821943, "s": "BTCUSDT", "a": 408220638, "p": "13685.68000000", "q": "0.00430300", "f": 448768634, "l": 448768634, "T": 1604224821942, "m": true, "M": true}, {"e": "aggTrade", "E": 1604224822214, "s": "BTCUSDT", "a": 408220639, "p": "13685.69000000", "q": "0.06014500", "f": 448768635, "l": 448768635, "T": 1604224822213, "m": false, "M": true}, {"e": "aggTrade", "E": 1604224822640, "s": "BTCUSDT", "a": 408220640, "p": "13685.69000000", "q": "0.06036200", "f": 448768636, "l": 448768636, "T": 1604224822639, "m": false, "M": true}, {"e": "aggTrade", "E": 1604224823064, "s": "BTCUSDT", "a": 408220641, "p": "13685.69000000", "q": "0.06027900", "f": 448768637, "l": 448768637, "T": 1604224823063, "m": false, "M": true}, {"e": "aggTrade", "E": 1604224823478, "s": "BTCUSDT", "a": 408220642, "p": "13685.69000000", "q": "0.06005900", "f": 448768638, "l": 448768638, "T": 1604224823476, "m": false, "M": true}, {"e": "aggTrade", "E": 1604224823612, "s": "BTCUSDT", "a": 408220643, "p": "13685.68000000", "q": "0.00699500", "f": 448768639, "l": 448768641, "T": 1604224823611, "m": true, "M": true}, {"e": "aggTrade", "E": 1604224823650, "s": "BTCUSDT", "a": 408220644, "p": "13685.68000000", "q": "0.11448100", "f": 448768642, "l": 448768642, "T": 1604224823649, "m": true, "M": true}, {"e": "aggTrade", "E": 1604224823747, "s": "BTCUSDT", "a": 408220645, "p": "13685.68000000", "q": "0.00709700", "f": 448768643, "l": 448768643, "T": 1604224823745, "m": true, "M": true}, {"e": "aggTrade", "E": 1604224823832, "s": "BTCUSDT", "a": 408220646, "p": "13685.68000000", "q": "0.00483000", "f": 448768644, "l": 448768644, "T": 1604224823830, "m": true, "M": true}, {"e": "aggTrade", "E": 1604224823903, "s": "BTCUSDT", "a": 408220647, "p": "13685.69000000", "q": "0.06002300", "f": 448768645, "l": 448768645, "T": 1604224823902, "m": false, "M": true}, {"e": "aggTrade", "E": 1604224823942, "s": "BTCUSDT", "a": 408220648, "p": "13685.68000000", "q": "0.00226700", "f": 448768646, "l": 448768646, "T": 1604224823941, "m": true, "M": true}, {"e": "aggTrade", "E": 1604224824031, "s": "BTCUSDT", "a": 408220649, "p": "13685.68000000", "q": "0.00483000", "f": 448768647, "l": 448768647, "T": 1604224824030, "m": true, "M": true}, {"e": "aggTrade", "E": 1604224824136, "s": "BTCUSDT", "a": 408220650, "p": "13685.68000000", "q": "0.00226700", "f": 448768648, "l": 448768648, "T": 1604224824135, "m": true, "M": true}, {"e": "aggTrade", "E": 1604224824239, "s": "BTCUSDT", "a": 408220651, "p": "13685.68000000", "q": "0.00483100", "f": 448768649, "l": 448768649, "T": 1604224824238, "m": true, "M": true}, {"e": "aggTrade", "E": 1604224824317, "s": "BTCUSDT", "a": 408220652, "p": "13685.69000000", "q": "0.06019200", "f": 448768650, "l": 448768650, "T": 1604224824315, "m": false, "M": true}, {"e": "aggTrade", "E": 1604224824341, "s": "BTCUSDT", "a": 408220653, "p": "13685.68000000", "q": "0.00226700", "f": 448768651, "l": 448768651, "T": 1604224824340, "m": true, "M": true}, {"e": "aggTrade", "E": 1604224824455, "s": "BTCUSDT", "a": 408220654, "p": "13685.68000000", "q": "0.00483000", "f": 448768652, "l": 448768652, "T": 1604224824454, "m": true, "M": true}, {"e": "aggTrade", "E": 1604224824552, "s": "BTCUSDT", "a": 408220655, "p": "13685.68000000", "q": "0.00226700", "f": 448768653, "l": 448768653, "T": 1604224824551, "m": true, "M": true}, {"e": "aggTrade", "E": 1604224824742, "s": "BTCUSDT", "a": 408220656, "p": "13685.69000000", "q": "0.06002400", "f": 448768654, "l": 448768654, "T": 1604224824742, "m": false, "M": true}, {"e": "aggTrade", "E": 1604224825158, "s": "BTCUSDT", "a": 408220657, "p": "13685.69000000", "q": "0.06011000", "f": 448768655, "l": 448768655, "T": 1604224825157, "m": false, "M": true}, {"e": "aggTrade", "E": 1604224825581, "s": "BTCUSDT", "a": 408220658, "p": "13685.69000000", "q": "0.06062100", "f": 448768656, "l": 448768656, "T": 1604224825580, "m": false, "M": true}, {"e": "aggTrade", "E": 1604224826001, "s": "BTCUSDT", "a": 408220659, "p": "13685.69000000", "q": "0.06010100", "f": 448768657, "l": 448768657, "T": 1604224826000, "m": false, "M": true}, {"e": "aggTrade", "E": 1604224826430, "s": "BTCUSDT", "a": 408220660, "p": "13685.69000000", "q": "0.06102500", "f": 448768658, "l": 448768658, "T": 1604224826429, "m": false, "M": true}, {"e": "aggTrade", "E": 1604224826857, "s": "BTCUSDT", "a": 408220661, "p": "13685.69000000", "q": "0.06003700", "f": 448768659, "l": 448768659, "T": 1604224826856, "m": false, "M": true}, {"e": "aggTrade", "E": 1604224827267, "s": "BTCUSDT", "a": 408220662, "p": "13685.69000000", "q": "0.06000400", "f": 448768660, "l": 448768660, "T": 1604224827266, "m": false, "M": true}, {"e": "aggTrade", "E": 1604224827325, "s": "BTCUSDT", "a": 408220663, "p": "13685.69000000", "q": "0.00200000", "f": 448768661, "l": 448768661, "T": 1604224827324, "m": false, "M": true}, {"e": "aggTrade", "E": 1604224827325, "s": "BTCUSDT", "a": 408220664, "p": "13685.70000000", "q": "0.01500000", "f": 448768662, "l": 448768662, "T": 1604224827324, "m": false, "M": true}, {"e": "aggTrade", "E": 1604224827325, "s": "BTCUSDT", "a": 408220665, "p": "13685.84000000", "q": "0.00707500", "f": 448768663, "l": 448768663, "T": 1604224827324, "m": false, "M": true}, {"e": "aggTrade", "E": 1604224827689, "s": "BTCUSDT", "a": 408220666, "p": "13685.84000000", "q": "0.01092500", "f": 448768664, "l": 448768665, "T": 1604224827687, "m": false, "M": true}, {"e": "aggTrade", "E": 1604224827689, "s": "BTCUSDT", "a": 408220667, "p": "13685.88000000", "q": "0.00200000", "f": 448768666, "l": 448768666, "T": 1604224827687, "m": false, "M": true}, {"e": "aggTrade", "E": 1604224827689, "s": "BTCUSDT", "a": 408220668, "p": "13686.17000000", "q": "0.00200000", "f": 448768667, "l": 448768667, "T": 1604224827687, "m": false, "M": true}, {"e": "aggTrade", "E": 1604224827689, "s": "BTCUSDT", "a": 408220669, "p": "13686.49000000", "q": "0.00900000", "f": 448768668, "l": 448768668, "T": 1604224827687, "m": false, "M": true}, {"e": "aggTrade", "E": 1604224827689, "s": "BTCUSDT", "a": 408220670, "p": "13687.00000000", "q": "0.03620300", "f": 448768669, "l": 448768670, "T": 1604224827687, "m": false, "M": true}, {"e": "aggTrade", "E": 1604224827819, "s": "BTCUSDT", "a": 408220671, "p": "13686.99000000", "q": "0.16079600", "f": 448768671, "l": 448768671, "T": 1604224827818, "m": true, "M": true}, {"e": "aggTrade", "E": 1604224828139, "s": "BTCUSDT", "a": 408220672, "p": "13686.42000000", "q": "0.06081900", "f": 448768672, "l": 448768672, "T": 1604224828138, "m": false, "M": true}, {"e": "aggTrade", "E": 1604224828496, "s": "BTCUSDT", "a": 408220673, "p": "13686.41000000", "q": "0.00080600", "f": 448768673, "l": 448768673, "T": 1604224828495, "m": true, "M": true}, {"e": "aggTrade", "E": 1604224828585, "s": "BTCUSDT", "a": 408220674, "p": "13686.42000000", "q": "0.06007600", "f": 448768674, "l": 448768674, "T": 1604224828584, "m": false, "M": true}, {"e": "aggTrade", "E": 1604224829020, "s": "BTCUSDT", "a": 408220675, "p": "13686.42000000", "q": "0.06001500", "f": 448768675, "l": 448768675, "T": 1604224829019, "m": false, "M": true}, {"e": "aggTrade", "E": 1604224829458, "s": "BTCUSDT", "a": 408220676, "p": "13686.42000000", "q": "0.06099000", "f": 448768676, "l": 448768676, "T": 1604224829458, "m": false, "M": true}, {"e": "aggTrade", "E": 1604224829489, "s": "BTCUSDT", "a": 408220677, "p": "13686.70000000", "q": "0.00088300", "f": 448768677, "l": 448768677, "T": 1604224829487, "m": true, "M": true}, {"e": "aggTrade", "E": 1604224829723, "s": "BTCUSDT", "a": 408220678, "p": "13686.70000000", "q": "0.00246700", "f": 448768678, "l": 448768678, "T": 1604224829722, "m": true, "M": true}, {"e": "aggTrade", "E": 1604224829898, "s": "BTCUSDT", "a": 408220679, "p": "13686.71000000", "q": "0.00900000", "f": 448768679, "l": 448768679, "T": 1604224829897, "m": false, "M": true}, {"e": "aggTrade", "E": 1604224829898, "s": "BTCUSDT", "a": 408220680, "p": "13686.98000000", "q": "0.05101600", "f": 448768680, "l": 448768680, "T": 1604224829897, "m": false, "M": true}, {"e": "aggTrade", "E": 1604224830355, "s": "BTCUSDT", "a": 408220681, "p": "13687.00000000", "q": "0.02800000", "f": 448768681, "l": 448768683, "T": 1604224830354, "m": false, "M": true}, {"e": "aggTrade", "E": 1604224830355, "s": "BTCUSDT", "a": 408220682, "p": "13687.01000000", "q": "0.03000000", "f": 448768684, "l": 448768685, "T": 1604224830354, "m": false, "M": true}, {"e": "aggTrade", "E": 1604224830355, "s": "BTCUSDT", "a": 408220683, "p": "13687.19000000", "q": "0.00208100", "f": 448768686, "l": 448768687, "T": 1604224830354, "m": false, "M": true}, {"e": "aggTrade", "E": 1604224830562, "s": "BTCUSDT", "a": 408220684, "p": "13687.09000000", "q": "0.01989000", "f": 448768688, "l": 448768689, "T": 1604224830561, "m": true, "M": true}, {"e": "aggTrade", "E": 1604224830668, "s": "BTCUSDT", "a": 408220685, "p": "13687.10000000", "q": "0.00900000", "f": 448768690, "l": 448768690, "T": 1604224830666, "m": false, "M": true}, {"e": "aggTrade", "E": 1604224830679, "s": "BTCUSDT", "a": 408220686, "p": "13687.18000000", "q": "0.00400000", "f": 448768691, "l": 448768691, "T": 1604224830677, "m": true, "M": true}, {"e": "aggTrade", "E": 1604224830680, "s": "BTCUSDT", "a": 408220687, "p": "13687.19000000", "q": "0.00191900", "f": 448768692, "l": 448768692, "T": 1604224830677, "m": false, "M": true}, {"e": "aggTrade", "E": 1604224830757, "s": "BTCUSDT", "a": 408220688, "p": "13687.88000000", "q": "0.01800000", "f": 448768693, "l": 448768694, "T": 1604224830756, "m": false, "M": true}, {"e": "aggTrade", "E": 1604224830774, "s": "BTCUSDT", "a": 408220689, "p": "13687.99000000", "q": "0.01200000", "f": 448768695, "l": 448768696, "T": 1604224830770, "m": false, "M": true}, {"e": "aggTrade", "E": 1604224830774, "s": "BTCUSDT", "a": 408220690, "p": "13688.15000000", "q": "0.00200000", "f": 448768697, "l": 448768697, "T": 1604224830770, "m": false, "M": true}, {"e": "aggTrade", "E": 1604224830774, "s": "BTCUSDT", "a": 408220691, "p": "13688.20000000", "q": "0.04608500", "f": 448768698, "l": 448768698, "T": 1604224830770, "m": false, "M": true}, {"e": "aggTrade", "E": 1604224830789, "s": "BTCUSDT", "a": 408220692, "p": "13688.20000000", "q": "0.09891500", "f": 448768699, "l": 448768699, "T": 1604224830788, "m": false, "M": true}, {"e": "aggTrade", "E": 1604224830809, "s": "BTCUSDT", "a": 408220693, "p": "13688.46000000", "q": "0.02198200", "f": 448768700, "l": 448768700, "T": 1604224830807, "m": false, "M": true}, {"e": "aggTrade", "E": 1604224830864, "s": "BTCUSDT", "a": 408220694, "p": "13688.84000000", "q": "0.01827000", "f": 448768701, "l": 448768702, "T": 1604224830862, "m": false, "M": true}, {"e": "aggTrade", "E": 1604224830879, "s": "BTCUSDT", "a": 408220695, "p": "13688.89000000", "q": "0.01874900", "f": 448768703, "l": 448768703, "T": 1604224830878, "m": false, "M": true}, {"e": "aggTrade", "E": 1604224830883, "s": "BTCUSDT", "a": 408220696, "p": "13688.88000000", "q": "0.00083000", "f": 448768704, "l": 448768704, "T": 1604224830881, "m": true, "M": true}, {"e": "aggTrade", "E": 1604224830897, "s": "BTCUSDT", "a": 408220697, "p": "13688.89000000", "q": "0.00217100", "f": 448768705, "l": 448768705, "T": 1604224830896, "m": true, "M": true}, {"e": "aggTrade", "E": 1604224831000, "s": "BTCUSDT", "a": 408220698, "p": "13689.12000000", "q": "0.02898900", "f": 448768706, "l": 448768707, "T": 1604224830999, "m": false, "M": true}, {"e": "aggTrade", "E": 1604224831101, "s": "BTCUSDT", "a": 408220699, "p": "13689.31000000", "q": "0.00087500", "f": 448768708, "l": 448768708, "T": 1604224831100, "m": true, "M": true}, {"e": "aggTrade", "E": 1604224831147, "s": "BTCUSDT", "a": 408220700, "p": "13689.31000000", "q": "0.00351500", "f": 448768709, "l": 448768709, "T": 1604224831146, "m": true, "M": true}, {"e": "aggTrade", "E": 1604224831169, "s": "BTCUSDT", "a": 408220701, "p": "13689.32000000", "q": "0.01811400", "f": 448768710, "l": 448768711, "T": 1604224831168, "m": false, "M": true}, {"e": "aggTrade", "E": 1604224831169, "s": "BTCUSDT", "a": 408220702, "p": "13690.67000000", "q": "0.00146100", "f": 448768712, "l": 448768712, "T": 1604224831168, "m": false, "M": true}, {"e": "aggTrade", "E": 1604224831169, "s": "BTCUSDT", "a": 408220703, "p": "13690.68000000", "q": "0.04044700", "f": 448768713, "l": 448768713, "T": 1604224831168, "m": false, "M": true}, {"e": "aggTrade", "E": 1604224831195, "s": "BTCUSDT", "a": 408220704, "p": "13690.67000000", "q": "0.00312500", "f": 448768714, "l": 448768714, "T": 1604224831194, "m": true, "M": true}, {"e": "aggTrade", "E": 1604224831301, "s": "BTCUSDT", "a": 408220705, "p": "13690.34000000", "q": "0.00487500", "f": 448768715, "l": 448768715, "T": 1604224831300, "m": true, "M": true}, {"e": "aggTrade", "E": 1604224831421, "s": "BTCUSDT", "a": 408220706, "p": "13690.34000000", "q": "0.00800000", "f": 448768716, "l": 448768717, "T": 1604224831420, "m": true, "M": true}, {"e": "aggTrade", "E": 1604224831524, "s": "BTCUSDT", "a": 408220707, "p": "13690.34000000", "q": "0.01400000", "f": 448768718, "l": 448768718, "T": 1604224831523, "m": true, "M": true}, {"e": "aggTrade", "E": 1604224831581, "s": "BTCUSDT", "a": 408220708, "p": "13690.35000000", "q": "0.06022300", "f": 448768719, "l": 448768720, "T": 1604224831579, "m": false, "M": true}, {"e": "aggTrade", "E": 1604224831620, "s": "BTCUSDT", "a": 408220709, "p": "13690.34000000", "q": "0.00487200", "f": 448768721, "l": 448768721, "T": 1604224831618, "m": true, "M": true}, {"e": "aggTrade", "E": 1604224831732, "s": "BTCUSDT", "a": 408220710, "p": "13690.34000000", "q": "0.00400000", "f": 448768722, "l": 448768722, "T": 1604224831730, "m": true, "M": true}, {"e": "aggTrade", "E": 1604224831844, "s": "BTCUSDT", "a": 408220711, "p": "13690.34000000", "q": "0.20000000", "f": 448768723, "l": 448768723, "T": 1604224831843, "m": true, "M": true}, {"e": "aggTrade", "E": 1604224831998, "s": "BTCUSDT", "a": 408220712, "p": "13690.35000000", "q": "0.06010500", "f": 448768724, "l": 448768724, "T": 1604224831997, "m": false, "M": true}, {"e": "aggTrade", "E": 1604224832014, "s": "BTCUSDT", "a": 408220713, "p": "13690.34000000", "q": "0.00175100", "f": 448768725, "l": 448768725, "T": 1604224832013, "m": true, "M": true}, {"e": "aggTrade", "E": 1604224832151, "s": "BTCUSDT", "a": 408220714, "p": "13690.34000000", "q": "0.00400000", "f": 448768726, "l": 448768726, "T": 1604224832150, "m": true, "M": true}, {"e": "aggTrade", "E": 1604224832252, "s": "BTCUSDT", "a": 408220715, "p": "13690.34000000", "q": "0.00400000", "f": 448768727, "l": 448768727, "T": 1604224832250, "m": true, "M": true}, {"e": "aggTrade", "E": 1604224832355, "s": "BTCUSDT", "a": 408220716, "p": "13690.34000000", "q": "0.00400000", "f": 448768728, "l": 448768728, "T": 1604224832353, "m": true, "M": true}, {"e": "aggTrade", "E": 1604224832428, "s": "BTCUSDT", "a": 408220717, "p": "13690.35000000", "q": "0.06062200", "f": 448768729, "l": 448768729, "T": 1604224832427, "m": false, "M": true}, {"e": "aggTrade", "E": 1604224832452, "s": "BTCUSDT", "a": 408220718, "p": "13690.34000000", "q": "0.00400000", "f": 448768730, "l": 448768730, "T": 1604224832451, "m": true, "M": true}, {"e": "aggTrade", "E": 1604224832563, "s": "BTCUSDT", "a": 408220719, "p": "13690.34000000", "q": "0.00175100", "f": 448768731, "l": 448768731, "T": 1604224832562, "m": true, "M": true}, {"e": "aggTrade", "E": 1604224832663, "s": "BTCUSDT", "a": 408220720, "p": "13690.34000000", "q": "0.45088100", "f": 448768732, "l": 448768732, "T": 1604224832662, "m": true, "M": true}, {"e": "aggTrade", "E": 1604224832763, "s": "BTCUSDT", "a": 408220721, "p": "13690.34000000", "q": "0.24558900", "f": 448768733, "l": 448768736, "T": 1604224832762, "m": true, "M": true}, {"e": "aggTrade", "E": 1604224832851, "s": "BTCUSDT", "a": 408220722, "p": "13690.35000000", "q": "0.06050700", "f": 448768737, "l": 448768737, "T": 1604224832850, "m": false, "M": true}, {"e": "aggTrade", "E": 1604224833178, "s": "BTCUSDT", "a": 408220723, "p": "13690.34000000", "q": "0.05879700", "f": 448768738, "l": 448768739, "T": 1604224833176, "m": true, "M": true}, {"e": "aggTrade", "E": 1604224833269, "s": "BTCUSDT", "a": 408220724, "p": "13690.35000000", "q": "0.06008000", "f": 448768740, "l": 448768740, "T": 1604224833268, "m": false, "M": true}, {"e": "aggTrade", "E": 1604224833644, "s": "BTCUSDT", "a": 408220725, "p": "13690.34000000", "q": "0.00428200", "f": 448768741, "l": 448768741, "T": 1604224833643, "m": true, "M": true}, {"e": "aggTrade", "E": 1604224833692, "s": "BTCUSDT", "a": 408220726, "p": "13690.35000000", "q": "0.06026700", "f": 448768742, "l": 448768742, "T": 1604224833691, "m": false, "M": true}, {"e": "aggTrade", "E": 1604224834024, "s": "BTCUSDT", "a": 408220727, "p": "13690.34000000", "q": "0.00494400", "f": 448768743, "l": 448768743, "T": 1604224834023, "m": true, "M": true}, {"e": "aggTrade", "E": 1604224834106, "s": "BTCUSDT", "a": 408220728, "p": "13690.35000000", "q": "0.06000400", "f": 448768744, "l": 448768744, "T": 1604224834105, "m": false, "M": true}, {"e": "aggTrade", "E": 1604224834432, "s": "BTCUSDT", "a": 408220729, "p": "13690.34000000", "q": "0.00748300", "f": 448768745, "l": 448768745, "T": 1604224834431, "m": true, "M": true}, {"e": "aggTrade", "E": 1604224834533, "s": "BTCUSDT", "a": 408220730, "p": "13690.35000000", "q": "0.06039300", "f": 448768746, "l": 448768746, "T": 1604224834532, "m": false, "M": true}, {"e": "aggTrade", "E": 1604224834946, "s": "BTCUSDT", "a": 408220731, "p": "13690.35000000", "q": "0.06000500", "f": 448768747, "l": 448768747, "T": 1604224834945, "m": false, "M": true}, {"e": "aggTrade", "E": 1604224835253, "s": "BTCUSDT", "a": 408220732, "p": "13690.34000000", "q": "0.00367600", "f": 448768748, "l": 448768748, "T": 1604224835252, "m": true, "M": true}, {"e": "aggTrade", "E": 1604224835349, "s": "BTCUSDT", "a": 408220733, "p": "13690.35000000", "q": "0.06009700", "f": 448768749, "l": 448768749, "T": 1604224835348, "m": false, "M": true}, {"e": "aggTrade", "E": 1604224835478, "s": "BTCUSDT", "a": 408220734, "p": "13690.35000000", "q": "0.30000000", "f": 448768750, "l": 448768750, "T": 1604224835477, "m": false, "M": true}, {"e": "aggTrade", "E": 1604224835481, "s": "BTCUSDT", "a": 408220735, "p": "13690.35000000", "q": "0.30000000", "f": 448768751, "l": 448768751, "T": 1604224835480, "m": false, "M": true}, {"e": "aggTrade", "E": 1604224835587, "s": "BTCUSDT", "a": 408220736, "p": "13690.34000000", "q": "0.00138600", "f": 448768752, "l": 448768752, "T": 1604224835586, "m": true, "M": true}, {"e": "aggTrade", "E": 1604224835728, "s": "BTCUSDT", "a": 408220737, "p": "13690.35000000", "q": "0.01446500", "f": 448768753, "l": 448768754, "T": 1604224835727, "m": false, "M": true}, {"e": "aggTrade", "E": 1604224835728, "s": "BTCUSDT", "a": 408220738, "p": "13690.54000000", "q": "0.01200000", "f": 448768755, "l": 448768756, "T": 1604224835727, "m": false, "M": true}, {"e": "aggTrade", "E": 1604224835728, "s": "BTCUSDT", "a": 408220739, "p": "13690.68000000", "q": "0.02362700", "f": 448768757, "l": 448768758, "T": 1604224835727, "m": false, "M": true}, {"e": "aggTrade", "E": 1604224835728, "s": "BTCUSDT", "a": 408220740, "p": "13690.71000000", "q": "0.00900000", "f": 448768759, "l": 448768759, "T": 1604224835727, "m": false, "M": true}, {"e": "aggTrade", "E": 1604224835728, "s": "BTCUSDT", "a": 408220741, "p": "13691.07000000", "q": "0.00119500", "f": 448768760, "l": 448768760, "T": 1604224835727, "m": false, "M": true}, {"e": "aggTrade", "E": 1604224835897, "s": "BTCUSDT", "a": 408220742, "p": "13691.06000000", "q": "0.01711700", "f": 448768761, "l": 448768761, "T": 1604224835896, "m": true, "M": true}, {"e": "aggTrade", "E": 1604224836022, "s": "BTCUSDT", "a": 408220743, "p": "13691.06000000", "q": "0.00800000", "f": 448768762, "l": 448768762, "T": 1604224836021, "m": true, "M": true}, {"e": "aggTrade", "E": 1604224836037, "s": "BTCUSDT", "a": 408220744, "p": "13691.06000000", "q": "0.00372700", "f": 448768763, "l": 448768763, "T": 1604224836036, "m": true, "M": true}, {"e": "aggTrade", "E": 1604224836102, "s": "BTCUSDT", "a": 408220745, "p": "13691.06000000", "q": "0.00800000", "f": 448768764, "l": 448768764, "T": 1604224836101, "m": true, "M": true}, {"e": "aggTrade", "E": 1604224836128, "s": "BTCUSDT", "a": 408220746, "p": "13691.07000000", "q": "0.06060900", "f": 448768765, "l": 448768766, "T": 1604224836126, "m": false, "M": true}, {"e": "aggTrade", "E": 1604224836144, "s": "BTCUSDT", "a": 408220747, "p": "13691.06000000", "q": "1.50000000", "f": 448768767, "l": 448768767, "T": 1604224836143, "m": true, "M": true}, {"e": "aggTrade", "E": 1604224836242, "s": "BTCUSDT", "a": 408220748, "p": "13691.06000000", "q": "0.00400000", "f": 448768768, "l": 448768768, "T": 1604224836241, "m": true, "M": true}, {"e": "aggTrade", "E": 1604224836326, "s": "BTCUSDT", "a": 408220749, "p": "13691.06000000", "q": "0.45782700", "f": 448768769, "l": 448768771, "T": 1604224836325, "m": true, "M": true}, {"e": "aggTrade", "E": 1604224836326, "s": "BTCUSDT", "a": 408220750, "p": "13690.70000000", "q": "0.00900000", "f": 448768772, "l": 448768772, "T": 1604224836325, "m": true, "M": true}, {"e": "aggTrade", "E": 1604224836326, "s": "BTCUSDT", "a": 408220751, "p": "13690.65000000", "q": "0.00999800", "f": 448768773, "l": 448768773, "T": 1604224836325, "m": true, "M": true}, {"e": "aggTrade", "E": 1604224836326, "s": "BTCUSDT", "a": 408220752, "p": "13690.51000000", "q": "0.05664800", "f": 448768774, "l": 448768774, "T": 1604224836325, "m": true, "M": true}, {"e": "aggTrade", "E": 1604224836326, "s": "BTCUSDT", "a": 408220753, "p": "13690.50000000", "q": "0.10122600", "f": 448768775, "l": 448768775, "T": 1604224836325, "m": true, "M": true}, {"e": "aggTrade", "E": 1604224836326, "s": "BTCUSDT", "a": 408220754, "p": "13690.38000000", "q": "0.01423200", "f": 448768776, "l": 448768776, "T": 1604224836325, "m": true, "M": true}, {"e": "aggTrade", "E": 1604224836326, "s": "BTCUSDT", "a": 408220755, "p": "13690.35000000", "q": "0.14023000", "f": 448768777, "l": 448768778, "T": 1604224836325, "m": true, "M": true}, {"e": "aggTrade", "E": 1604224836526, "s": "BTCUSDT", "a": 408220756, "p": "13690.24000000", "q": "0.00899600", "f": 448768779, "l": 448768779, "T": 1604224836525, "m": true, "M": true}, {"e": "aggTrade", "E": 1604224836536, "s": "BTCUSDT", "a": 408220757, "p": "13690.24000000", "q": "0.00000400", "f": 448768780, "l": 448768780, "T": 1604224836535, "m": true, "M": true}, {"e": "aggTrade", "E": 1604224836635, "s": "BTCUSDT", "a": 408220758, "p": "13690.15000000", "q": "0.00998300", "f": 448768781, "l": 448768781, "T": 1604224836634, "m": true, "M": true}, {"e": "aggTrade", "E": 1604224836678, "s": "BTCUSDT", "a": 408220759, "p": "13690.16000000", "q": "0.00229600", "f": 448768782, "l": 448768782, "T": 1604224836676, "m": false, "M": true}, {"e": "aggTrade", "E": 1604224836695, "s": "BTCUSDT", "a": 408220760, "p": "13690.15000000", "q": "0.00001700", "f": 448768783, "l": 448768783, "T": 1604224836693, "m": true, "M": true}, {"e": "aggTrade", "E": 1604224836695, "s": "BTCUSDT", "a": 408220761, "p": "13689.99000000", "q": "0.00082400", "f": 448768784, "l": 448768784, "T": 1604224836693, "m": true, "M": true}, {"e": "aggTrade", "E": 1604224836747, "s": "BTCUSDT", "a": 408220762, "p": "13689.99000000", "q": "0.00128800", "f": 448768785, "l": 448768785, "T": 1604224836746, "m": true, "M": true}, {"e": "aggTrade", "E": 1604224836757, "s": "BTCUSDT", "a": 408220763, "p": "13690.00000000", "q": "0.00222100", "f": 448768786, "l": 448768786, "T": 1604224836756, "m": false, "M": true}, {"e": "aggTrade", "E": 1604224836839, "s": "BTCUSDT", "a": 408220764, "p": "13690.00000000", "q": "0.01548300", "f": 448768787, "l": 448768787, "T": 1604224836838, "m": false, "M": true}, {"e": "aggTrade", "E": 1604224836840, "s": "BTCUSDT", "a": 408220765, "p": "13689.99000000", "q": "0.00420800", "f": 448768788, "l": 448768788, "T": 1604224836838, "m": true, "M": true}, {"e": "aggTrade", "E": 1604224837047, "s": "BTCUSDT", "a": 408220766, "p": "13689.99000000", "q": "0.01368000", "f": 448768789, "l": 448768791, "T": 1604224837045, "m": true, "M": true}, {"e": "aggTrade", "E": 1604224837047, "s": "BTCUSDT", "a": 408220767, "p": "13689.43000000", "q": "0.00922900", "f": 448768792, "l": 448768792, "T": 1604224837045, "m": true, "M": true}, {"e": "aggTrade", "E": 1604224837047, "s": "BTCUSDT", "a": 408220768, "p": "13689.29000000", "q": "0.01623100", "f": 448768793, "l": 448768793, "T": 1604224837045, "m": true, "M": true}, {"e": "aggTrade", "E": 1604224837047, "s": "BTCUSDT", "a": 408220769, "p": "13689.21000000", "q": "0.00900000", "f": 448768794, "l": 448768794, "T": 1604224837045, "m": true, "M": true}, {"e": "aggTrade", "E": 1604224837047, "s": "BTCUSDT", "a": 408220770, "p": "13689.11000000", "q": "0.00472000", "f": 448768795, "l": 448768795, "T": 1604224837045, "m": true, "M": true}, {"e": "aggTrade", "E": 1604224837047, "s": "BTCUSDT", "a": 408220771, "p": "13688.89000000", "q": "0.00146000", "f": 448768796, "l": 448768796, "T": 1604224837045, "m": true, "M": true}, {"e": "aggTrade", "E": 1604224837047, "s": "BTCUSDT", "a": 408220772, "p": "13688.86000000", "q": "0.00900000", "f": 448768797, "l": 448768797, "T": 1604224837045, "m": true, "M": true}, {"e": "aggTrade", "E": 1604224837047, "s": "BTCUSDT", "a": 408220773, "p": "13687.93000000", "q": "0.00900000", "f": 448768798, "l": 448768798, "T": 1604224837045, "m": true, "M": true}, {"e": "aggTrade", "E": 1604224837047, "s": "BTCUSDT", "a": 408220774, "p": "13687.15000000", "q": "0.17089200", "f": 448768799, "l": 448768799, "T": 1604224837045, "m": true, "M": true}, {"e": "aggTrade", "E": 1604224837047, "s": "BTCUSDT", "a": 408220775, "p": "13687.14000000", "q": "0.00900000", "f": 448768800, "l": 448768800, "T": 1604224837045, "m": true, "M": true}, {"e": "aggTrade", "E": 1604224837047, "s": "BTCUSDT", "a": 408220776, "p": "13686.97000000", "q": "0.70000000", "f": 448768801, "l": 448768801, "T": 1604224837045, "m": true, "M": true}, {"e": "aggTrade", "E": 1604224837047, "s": "BTCUSDT", "a": 408220777, "p": "13686.84000000", "q": "0.00900000", "f": 448768802, "l": 448768802, "T": 1604224837045, "m": true, "M": true}, {"e": "aggTrade", "E": 1604224837047, "s": "BTCUSDT", "a": 408220778, "p": "13686.80000000", "q": "0.01000000", "f": 448768803, "l": 448768803, "T": 1604224837045, "m": true, "M": true}, {"e": "aggTrade", "E": 1604224837047, "s": "BTCUSDT", "a": 408220779, "p": "13686.41000000", "q": "0.01719400", "f": 448768804, "l": 448768805, "T": 1604224837045, "m": true, "M": true}, {"e": "aggTrade", "E": 1604224837047, "s": "BTCUSDT", "a": 408220780, "p": "13685.99000000", "q": "0.01101300", "f": 448768806, "l": 448768806, "T": 1604224837045, "m": true, "M": true}, {"e": "aggTrade", "E": 1604224837047, "s": "BTCUSDT", "a": 408220781, "p": "13685.88000000", "q": "0.10000000", "f": 448768807, "l": 448768807, "T": 1604224837045, "m": true, "M": true}, {"e": "aggTrade", "E": 1604224837047, "s": "BTCUSDT", "a": 408220782, "p": "13685.80000000", "q": "1.74800000", "f": 448768808, "l": 448768808, "T": 1604224837045, "m": true, "M": true}, {"e": "aggTrade", "E": 1604224837047, "s": "BTCUSDT", "a": 408220783, "p": "13685.76000000", "q": "0.00900000", "f": 448768809, "l": 448768809, "T": 1604224837045, "m": true, "M": true}, {"e": "aggTrade", "E": 1604224837047, "s": "BTCUSDT", "a": 408220784, "p": "13685.69000000", "q": "0.05485600", "f": 448768810, "l": 448768810, "T": 1604224837045, "m": true, "M": true}, {"e": "aggTrade", "E": 1604224837047, "s": "BTCUSDT", "a": 408220785, "p": "13685.63000000", "q": "0.00900000", "f": 448768811, "l": 448768811, "T": 1604224837045, "m": true, "M": true}, {"e": "aggTrade", "E": 1604224837047, "s": "BTCUSDT", "a": 408220786, "p": "13685.49000000", "q": "0.00200000", "f": 448768812, "l": 448768812, "T": 1604224837045, "m": true, "M": true}, {"e": "aggTrade", "E": 1604224837047, "s": "BTCUSDT", "a": 408220787, "p": "13685.28000000", "q": "0.05000000", "f": 448768813, "l": 448768813, "T": 1604224837045, "m": true, "M": true}, {"e": "aggTrade", "E": 1604224837047, "s": "BTCUSDT", "a": 408220788, "p": "13684.99000000", "q": "0.50000000", "f": 448768814, "l": 448768814, "T": 1604224837045, "m": true, "M": true}, {"e": "aggTrade", "E": 1604224837047, "s": "BTCUSDT", "a": 408220789, "p": "13684.91000000", "q": "0.64000000", "f": 448768815, "l": 448768815, "T": 1604224837045, "m": true, "M": true}, {"e": "aggTrade", "E": 1604224837047, "s": "BTCUSDT", "a": 408220790, "p": "13684.85000000", "q": "0.56000000", "f": 448768816, "l": 448768816, "T": 1604224837045, "m": true, "M": true}, {"e": "aggTrade", "E": 1604224837047, "s": "BTCUSDT", "a": 408220791, "p": "13684.72000000", "q": "0.09000000", "f": 448768817, "l": 448768817, "T": 1604224837045, "m": true, "M": true}, {"e": "aggTrade", "E": 1604224837047, "s": "BTCUSDT", "a": 408220792, "p": "13684.63000000", "q": "0.00900000", "f": 448768818, "l": 448768818, "T": 1604224837045, "m": true, "M": true}, {"e": "aggTrade", "E": 1604224837047, "s": "BTCUSDT", "a": 408220793, "p": "13684.60000000", "q": "0.00730700", "f": 448768819, "l": 448768819, "T": 1604224837045, "m": true, "M": true}, {"e": "aggTrade", "E": 1604224837047, "s": "BTCUSDT", "a": 408220794, "p": "13684.50000000", "q": "0.22141800", "f": 448768820, "l": 448768820, "T": 1604224837045, "m": true, "M": true}, {"e": "aggTrade", "E": 1604224837066, "s": "BTCUSDT", "a": 408220795, "p": "13685.81000000", "q": "0.01367700", "f": 448768821, "l": 448768821, "T": 1604224837064, "m": true, "M": true}, {"e": "aggTrade", "E": 1604224837113, "s": "BTCUSDT", "a": 408220796, "p": "13687.26000000", "q": "0.00900000", "f": 448768822, "l": 448768822, "T": 1604224837108, "m": false, "M": true}, {"e": "aggTrade", "E": 1604224837113, "s": "BTCUSDT", "a": 408220797, "p": "13688.43000000", "q": "0.06809400", "f": 448768823, "l": 448768823, "T": 1604224837108, "m": false, "M": true}, {"e": "aggTrade", "E": 1604224837113, "s": "BTCUSDT", "a": 408220798, "p": "13688.52000000", "q": "0.06190700", "f": 448768824, "l": 448768824, "T": 1604224837108, "m": false, "M": true}, {"e": "aggTrade", "E": 1604224837363, "s": "BTCUSDT", "a": 408220799, "p": "13687.89000000", "q": "0.00100000", "f": 448768825, "l": 448768825, "T": 1604224837362, "m": false, "M": true}, {"e": "aggTrade", "E": 1604224837727, "s": "BTCUSDT", "a": 408220800, "p": "13687.89000000", "q": "0.08213500", "f": 448768826, "l": 448768827, "T": 1604224837725, "m": false, "M": true}, {"e": "aggTrade", "E": 1604224838183, "s": "BTCUSDT", "a": 408220801, "p": "13687.89000000", "q": "0.06021700", "f": 448768828, "l": 448768828, "T": 1604224838182, "m": false, "M": true}, {"e": "aggTrade", "E": 1604224838635, "s": "BTCUSDT", "a": 408220802, "p": "13687.89000000", "q": "0.06008900", "f": 448768829, "l": 448768829, "T": 1604224838634, "m": false, "M": true}, {"e": "aggTrade", "E": 1604224838711, "s": "BTCUSDT", "a": 408220803, "p": "13687.89000000", "q": "0.39900000", "f": 448768830, "l": 448768831, "T": 1604224838710, "m": false, "M": true}, {"e": "aggTrade", "E": 1604224838727, "s": "BTCUSDT", "a": 408220804, "p": "13687.89000000", "q": "0.00465100", "f": 448768832, "l": 448768832, "T": 1604224838726, "m": false, "M": true}, {"e": "aggTrade", "E": 1604224838770, "s": "BTCUSDT", "a": 408220805, "p": "13687.89000000", "q": "0.02310100", "f": 448768833, "l": 448768833, "T": 1604224838769, "m": false, "M": true}, {"e": "aggTrade", "E": 1604224839069, "s": "BTCUSDT", "a": 408220806, "p": "13689.03000000", "q": "0.00900000", "f": 448768834, "l": 448768834, "T": 1604224839068, "m": false, "M": true}, {"e": "aggTrade", "E": 1604224839069, "s": "BTCUSDT", "a": 408220807, "p": "13689.50000000", "q": "0.03750000", "f": 448768835, "l": 448768835, "T": 1604224839068, "m": false, "M": true}, {"e": "aggTrade", "E": 1604224839069, "s": "BTCUSDT", "a": 408220808, "p": "13689.70000000", "q": "0.00916400", "f": 448768836, "l": 448768836, "T": 1604224839068, "m": false, "M": true}, {"e": "aggTrade", "E": 1604224839069, "s": "BTCUSDT", "a": 408220809, "p": "13689.99000000", "q": "0.00434300", "f": 448768837, "l": 448768837, "T": 1604224839068, "m": false, "M": true}, {"e": "aggTrade", "E": 1604224839163, "s": "BTCUSDT", "a": 408220810, "p": "13689.99000000", "q": "0.21578200", "f": 448768838, "l": 448768838, "T": 1604224839161, "m": true, "M": true}, {"e": "aggTrade", "E": 1604224839802, "s": "BTCUSDT", "a": 408220811, "p": "13690.00000000", "q": "0.10038700", "f": 448768839, "l": 448768839, "T": 1604224839801, "m": false, "M": true}, {"e": "aggTrade", "E": 1604224840254, "s": "BTCUSDT", "a": 408220812, "p": "13689.59000000", "q": "0.06010000", "f": 448768840, "l": 448768840, "T": 1604224840252, "m": false, "M": true}, {"e": "aggTrade", "E": 1604224840313, "s": "BTCUSDT", "a": 408220813, "p": "13689.58000000", "q": "0.00900000", "f": 448768841, "l": 448768841, "T": 1604224840311, "m": true, "M": true}, {"e": "aggTrade", "E": 1604224840459, "s": "BTCUSDT", "a": 408220814, "p": "13689.51000000", "q": "0.00309000", "f": 448768842, "l": 448768842, "T": 1604224840457, "m": false, "M": true}, {"e": "aggTrade", "E": 1604224840542, "s": "BTCUSDT", "a": 408220815, "p": "13689.50000000", "q": "0.00471400", "f": 448768843, "l": 448768843, "T": 1604224840540, "m": true, "M": true}, {"e": "aggTrade", "E": 1604224840721, "s": "BTCUSDT", "a": 408220816, "p": "13689.50000000", "q": "0.00471600", "f": 448768844, "l": 448768845, "T": 1604224840720, "m": true, "M": true}, {"e": "aggTrade", "E": 1604224841167, "s": "BTCUSDT", "a": 408220817, "p": "13689.51000000", "q": "0.01460900", "f": 448768846, "l": 448768846, "T": 1604224841165, "m": false, "M": true}, {"e": "aggTrade", "E": 1604224841406, "s": "BTCUSDT", "a": 408220818, "p": "13689.50000000", "q": "0.00477200", "f": 448768847, "l": 448768847, "T": 1604224841404, "m": true, "M": true}, {"e": "aggTrade", "E": 1604224841992, "s": "BTCUSDT", "a": 408220819, "p": "13689.50000000", "q": "0.01579200", "f": 448768848, "l": 448768850, "T": 1604224841991, "m": true, "M": true}, {"e": "aggTrade", "E": 1604224842001, "s": "BTCUSDT", "a": 408220820, "p": "13689.50000000", "q": "0.00000600", "f": 448768851, "l": 448768851, "T": 1604224842000, "m": true, "M": true}, {"e": "aggTrade", "E": 1604224842032, "s": "BTCUSDT", "a": 408220821, "p": "13688.46000000", "q": "0.23524000", "f": 448768852, "l": 448768852, "T": 1604224842031, "m": false, "M": true}, {"e": "aggTrade", "E": 1604224842473, "s": "BTCUSDT", "a": 408220822, "p": "13688.46000000", "q": "0.06003100", "f": 448768853, "l": 448768854, "T": 1604224842471, "m": false, "M": true}, {"e": "aggTrade", "E": 1604224842920, "s": "BTCUSDT", "a": 408220823, "p": "13688.46000000", "q": "0.06042600", "f": 448768855, "l": 448768855, "T": 1604224842919, "m": false, "M": true}, {"e": "aggTrade", "E": 1604224844356, "s": "BTCUSDT", "a": 408220824, "p": "13688.46000000", "q": "0.19007500", "f": 448768856, "l": 448768856, "T": 1604224844355, "m": false, "M": true}, {"e": "aggTrade", "E": 1604224844768, "s": "BTCUSDT", "a": 408220825, "p": "13688.46000000", "q": "0.06029400", "f": 448768857, "l": 448768857, "T": 1604224844767, "m": false, "M": true}, {"e": "aggTrade", "E": 1604224844921, "s": "BTCUSDT", "a": 408220826, "p": "13688.45000000", "q": "0.00087700", "f": 448768858, "l": 448768858, "T": 1604224844920, "m": true, "M": true}, {"e": "aggTrade", "E": 1604224845166, "s": "BTCUSDT", "a": 408220827, "p": "13688.46000000", "q": "0.06052900", "f": 448768859, "l": 448768861, "T": 1604224845165, "m": false, "M": true}, {"e": "aggTrade", "E": 1604224845332, "s": "BTCUSDT", "a": 408220828, "p": "13688.45000000", "q": "0.37165300", "f": 448768862, "l": 448768865, "T": 1604224845331, "m": true, "M": true}, {"e": "aggTrade", "E": 1604224845582, "s": "BTCUSDT", "a": 408220829, "p": "13688.98000000", "q": "0.01800000", "f": 448768866, "l": 448768867, "T": 1604224845581, "m": false, "M": true}, {"e": "aggTrade", "E": 1604224845582, "s": "BTCUSDT", "a": 408220830, "p": "13689.51000000", "q": "0.04228900", "f": 448768868, "l": 448768868, "T": 1604224845581, "m": false, "M": true}, {"e": "aggTrade", "E": 1604224845659, "s": "BTCUSDT", "a": 408220831, "p": "13689.50000000", "q": "0.00095800", "f": 448768869, "l": 448768869, "T": 1604224845658, "m": true, "M": true}, {"e": "aggTrade", "E": 1604224846013, "s": "BTCUSDT", "a": 408220832, "p": "13689.51000000", "q": "0.06009200", "f": 448768870, "l": 448768870, "T": 1604224846012, "m": false, "M": true}, {"e": "aggTrade", "E": 1604224846435, "s": "BTCUSDT", "a": 408220833, "p": "13689.51000000", "q": "0.06025400", "f": 448768871, "l": 448768873, "T": 1604224846433, "m": false, "M": true}, {"e": "aggTrade", "E": 1604224846600, "s": "BTCUSDT", "a": 408220834, "p": "13689.51000000", "q": "0.21154300", "f": 448768874, "l": 448768874, "T": 1604224846598, "m": false, "M": true}, {"e": "aggTrade", "E": 1604224846834, "s": "BTCUSDT", "a": 408220835, "p": "13689.51000000", "q": "0.06051300", "f": 448768875, "l": 448768875, "T": 1604224846833, "m": false, "M": true}, {"e": "aggTrade", "E": 1604224846973, "s": "BTCUSDT", "a": 408220836, "p": "13689.51000000", "q": "0.01271300", "f": 448768876, "l": 448768876, "T": 1604224846972, "m": false, "M": true}, {"e": "aggTrade", "E": 1604224847237, "s": "BTCUSDT", "a": 408220837, "p": "13689.51000000", "q": "0.02573000", "f": 448768877, "l": 448768879, "T": 1604224847235, "m": false, "M": true}, {"e": "aggTrade", "E": 1604224847237, "s": "BTCUSDT", "a": 408220838, "p": "13689.55000000", "q": "0.00900000", "f": 448768880, "l": 448768880, "T": 1604224847235, "m": false, "M": true}, {"e": "aggTrade", "E": 1604224847237, "s": "BTCUSDT", "a": 408220839, "p": "13689.70000000", "q": "0.01200000", "f": 448768881, "l": 448768882, "T": 1604224847235, "m": false, "M": true}, {"e": "aggTrade", "E": 1604224847237, "s": "BTCUSDT", "a": 408220840, "p": "13689.80000000", "q": "0.00900000", "f": 448768883, "l": 448768883, "T": 1604224847235, "m": false, "M": true}, {"e": "aggTrade", "E": 1604224847237, "s": "BTCUSDT", "a": 408220841, "p": "13690.00000000", "q": "0.00471300", "f": 448768884, "l": 448768884, "T": 1604224847235, "m": false, "M": true}, {"e": "aggTrade", "E": 1604224847293, "s": "BTCUSDT", "a": 408220842, "p": "13689.99000000", "q": "0.00374700", "f": 448768885, "l": 448768885, "T": 1604224847292, "m": true, "M": true}, {"e": "aggTrade", "E": 1604224847427, "s": "BTCUSDT", "a": 408220843, "p": "13689.99000000", "q": "0.00127400", "f": 448768886, "l": 448768886, "T": 1604224847426, "m": true, "M": true}, {"e": "aggTrade", "E": 1604224847437, "s": "BTCUSDT", "a": 408220844, "p": "13689.99000000", "q": "0.00088700", "f": 448768887, "l": 448768887, "T": 1604224847436, "m": true, "M": true}, {"e": "aggTrade", "E": 1604224847643, "s": "BTCUSDT", "a": 408220845, "p": "13690.00000000", "q": "0.01328700", "f": 448768888, "l": 448768889, "T": 1604224847641, "m": false, "M": true}, {"e": "aggTrade", "E": 1604224847643, "s": "BTCUSDT", "a": 408220846, "p": "13690.08000000", "q": "0.00900000", "f": 448768890, "l": 448768890, "T": 1604224847641, "m": false, "M": true}, {"e": "aggTrade", "E": 1604224847643, "s": "BTCUSDT", "a": 408220847, "p": "13690.19000000", "q": "0.00200000", "f": 448768891, "l": 448768891, "T": 1604224847641, "m": false, "M": true}, {"e": "aggTrade", "E": 1604224847643, "s": "BTCUSDT", "a": 408220848, "p": "13690.25000000", "q": "0.00900000", "f": 448768892, "l": 448768892, "T": 1604224847641, "m": false, "M": true}, {"e": "aggTrade", "E": 1604224847643, "s": "BTCUSDT", "a": 408220849, "p": "13690.34000000", "q": "0.02675300", "f": 448768893, "l": 448768893, "T": 1604224847641, "m": false, "M": true}, {"e": "aggTrade", "E": 1604224848062, "s": "BTCUSDT", "a": 408220850, "p": "13690.34000000", "q": "0.06039700", "f": 448768894, "l": 448768894, "T": 1604224848061, "m": false, "M": true}, {"e": "aggTrade", "E": 1604224848201, "s": "BTCUSDT", "a": 408220851, "p": "13690.34000000", "q": "0.23327000", "f": 448768895, "l": 448768895, "T": 1604224848199, "m": false, "M": true}, {"e": "aggTrade", "E": 1604224848480, "s": "BTCUSDT", "a": 408220852, "p": "13690.34000000", "q": "0.06000500", "f": 448768896, "l": 448768896, "T": 1604224848479, "m": false, "M": true}, {"e": "aggTrade", "E": 1604224848614, "s": "BTCUSDT", "a": 408220853, "p": "13690.33000000", "q": "0.11401700", "f": 448768897, "l": 448768897, "T": 1604224848613, "m": true, "M": true}, {"e": "aggTrade", "E": 1604224848614, "s": "BTCUSDT", "a": 408220854, "p": "13690.33000000", "q": "0.03803300", "f": 448768898, "l": 448768898, "T": 1604224848613, "m": true, "M": true}, {"e": "aggTrade", "E": 1604224848618, "s": "BTCUSDT", "a": 408220855, "p": "13690.33000000", "q": "0.03806700", "f": 448768899, "l": 448768899, "T": 1604224848617, "m": true, "M": true}, {"e": "aggTrade", "E": 1604224848622, "s": "BTCUSDT", "a": 408220856, "p": "13690.33000000", "q": "0.11409300", "f": 448768900, "l": 448768900, "T": 1604224848621, "m": true, "M": true}, {"e": "aggTrade", "E": 1604224848666, "s": "BTCUSDT", "a": 408220857, "p": "13690.33000000", "q": "0.00920100", "f": 448768901, "l": 448768901, "T": 1604224848665, "m": true, "M": true}, {"e": "aggTrade", "E": 1604224848677, "s": "BTCUSDT", "a": 408220858, "p": "13690.34000000", "q": "0.00199200", "f": 448768902, "l": 448768902, "T": 1604224848676, "m": false, "M": true}, {"e": "aggTrade", "E": 1604224848900, "s": "BTCUSDT", "a": 408220859, "p": "13690.34000000", "q": "0.04328400", "f": 448768903, "l": 448768904, "T": 1604224848899, "m": false, "M": true}, {"e": "aggTrade", "E": 1604224848900, "s": "BTCUSDT", "a": 408220860, "p": "13691.00000000", "q": "0.01716200", "f": 448768905, "l": 448768905, "T": 1604224848899, "m": false, "M": true}, {"e": "aggTrade", "E": 1604224849343, "s": "BTCUSDT", "a": 408220861, "p": "13691.00000000", "q": "0.06040800", "f": 448768906, "l": 448768906, "T": 1604224849342, "m": false, "M": true}, {"e": "aggTrade", "E": 1604224849783, "s": "BTCUSDT", "a": 408220862, "p": "13691.00000000", "q": "0.00900000", "f": 448768907, "l": 448768907, "T": 1604224849781, "m": false, "M": true}, {"e": "aggTrade", "E": 1604224849783, "s": "BTCUSDT", "a": 408220863, "p": "13691.07000000", "q": "0.00900000", "f": 448768908, "l": 448768908, "T": 1604224849781, "m": false, "M": true}, {"e": "aggTrade", "E": 1604224849783, "s": "BTCUSDT", "a": 408220864, "p": "13691.08000000", "q": "0.00900000", "f": 448768909, "l": 448768909, "T": 1604224849781, "m": false, "M": true}, {"e": "aggTrade", "E": 1604224849783, "s": "BTCUSDT", "a": 408220865, "p": "13692.50000000", "q": "0.03361800", "f": 448768910, "l": 448768910, "T": 1604224849781, "m": false, "M": true}, {"e": "aggTrade", "E": 1604224849836, "s": "BTCUSDT", "a": 408220866, "p": "13692.50000000", "q": "0.00207500", "f": 448768911, "l": 448768911, "T": 1604224849835, "m": false, "M": true}, {"e": "aggTrade", "E": 1604224849998, "s": "BTCUSDT", "a": 408220867, "p": "13692.12000000", "q": "0.01499700", "f": 448768912, "l": 448768913, "T": 1604224849996, "m": true, "M": true}, {"e": "aggTrade", "E": 1604224850117, "s": "BTCUSDT", "a": 408220868, "p": "13692.12000000", "q": "0.00800000", "f": 448768914, "l": 448768914, "T": 1604224850116, "m": true, "M": true}, {"e": "aggTrade", "E": 1604224850223, "s": "BTCUSDT", "a": 408220869, "p": "13692.12000000", "q": "0.00400000", "f": 448768915, "l": 448768915, "T": 1604224850221, "m": true, "M": true}, {"e": "aggTrade", "E": 1604224850233, "s": "BTCUSDT", "a": 408220870, "p": "13692.13000000", "q": "0.00900000", "f": 448768916, "l": 448768916, "T": 1604224850232, "m": false, "M": true}, {"e": "aggTrade", "E": 1604224850233, "s": "BTCUSDT", "a": 408220871, "p": "13692.50000000", "q": "0.05107500", "f": 448768917, "l": 448768918, "T": 1604224850232, "m": false, "M": true}, {"e": "aggTrade", "E": 1604224850304, "s": "BTCUSDT", "a": 408220872, "p": "13692.49000000", "q": "0.09678100", "f": 448768919, "l": 448768919, "T": 1604224850303, "m": true, "M": true}, {"e": "aggTrade", "E": 1604224850398, "s": "BTCUSDT", "a": 408220873, "p": "13692.49000000", "q": "0.00400000", "f": 448768920, "l": 448768920, "T": 1604224850397, "m": true, "M": true}, {"e": "aggTrade", "E": 1604224850504, "s": "BTCUSDT", "a": 408220874, "p": "13692.49000000", "q": "0.00400000", "f": 448768921, "l": 448768921, "T": 1604224850502, "m": true, "M": true}, {"e": "aggTrade", "E": 1604224850665, "s": "BTCUSDT", "a": 408220875, "p": "13692.49000000", "q": "0.05487000", "f": 448768922, "l": 448768922, "T": 1604224850663, "m": true, "M": true}, {"e": "aggTrade", "E": 1604224850806, "s": "BTCUSDT", "a": 408220876, "p": "13692.49000000", "q": "0.04533700", "f": 448768923, "l": 448768923, "T": 1604224850804, "m": true, "M": true}, {"e": "aggTrade", "E": 1604224850928, "s": "BTCUSDT", "a": 408220877, "p": "13692.49000000", "q": "0.00533500", "f": 448768924, "l": 448768924, "T": 1604224850927, "m": true, "M": true}, {"e": "aggTrade", "E": 1604224851683, "s": "BTCUSDT", "a": 408220878, "p": "13692.50000000", "q": "0.00229600", "f": 448768925, "l": 448768925, "T": 1604224851682, "m": false, "M": true}, {"e": "aggTrade", "E": 1604224851692, "s": "BTCUSDT", "a": 408220879, "p": "13692.50000000", "q": "0.00355100", "f": 448768926, "l": 448768926, "T": 1604224851691, "m": false, "M": true}, {"e": "aggTrade", "E": 1604224851770, "s": "BTCUSDT", "a": 408220880, "p": "13692.50000000", "q": "0.00200000", "f": 448768927, "l": 448768927, "T": 1604224851768, "m": false, "M": true}, {"e": "aggTrade", "E": 1604224851847, "s": "BTCUSDT", "a": 408220881, "p": "13692.50000000", "q": "0.00315300", "f": 448768928, "l": 448768929, "T": 1604224851846, "m": false, "M": true}, {"e": "aggTrade", "E": 1604224851847, "s": "BTCUSDT", "a": 408220882, "p": "13692.76000000", "q": "0.00146000", "f": 448768930, "l": 448768930, "T": 1604224851846, "m": false, "M": true}, {"e": "aggTrade", "E": 1604224851847, "s": "BTCUSDT", "a": 408220883, "p": "13692.77000000", "q": "0.00201100", "f": 448768931, "l": 448768931, "T": 1604224851846, "m": false, "M": true}, {"e": "aggTrade", "E": 1604224851847, "s": "BTCUSDT", "a": 408220884, "p": "13693.10000000", "q": "0.00073600", "f": 448768932, "l": 448768932, "T": 1604224851846, "m": false, "M": true}, {"e": "aggTrade", "E": 1604224851847, "s": "BTCUSDT", "a": 408220885, "p": "13693.58000000", "q": "0.00834400", "f": 448768933, "l": 448768933, "T": 1604224851846, "m": false, "M": true}, {"e": "aggTrade", "E": 1604224851976, "s": "BTCUSDT", "a": 408220886, "p": "13693.57000000", "q": "0.00230000", "f": 448768934, "l": 448768934, "T": 1604224851975, "m": true, "M": true}, {"e": "aggTrade", "E": 1604224852085, "s": "BTCUSDT", "a": 408220887, "p": "13693.07000000", "q": "0.00170000", "f": 448768935, "l": 448768935, "T": 1604224852083, "m": true, "M": true}, {"e": "aggTrade", "E": 1604224852184, "s": "BTCUSDT", "a": 408220888, "p": "13693.07000000", "q": "0.00400000", "f": 448768936, "l": 448768936, "T": 1604224852183, "m": true, "M": true}, {"e": "aggTrade", "E": 1604224852287, "s": "BTCUSDT", "a": 408220889, "p": "13693.07000000", "q": "0.00330000", "f": 448768937, "l": 448768937, "T": 1604224852285, "m": true, "M": true}, {"e": "aggTrade", "E": 1604224852430, "s": "BTCUSDT", "a": 408220890, "p": "13693.03000000", "q": "0.01800000", "f": 448768938, "l": 448768939, "T": 1604224852428, "m": true, "M": true}, {"e": "aggTrade", "E": 1604224852430, "s": "BTCUSDT", "a": 408220891, "p": "13692.50000000", "q": "0.00434300", "f": 448768940, "l": 448768940, "T": 1604224852428, "m": true, "M": true}, {"e": "aggTrade", "E": 1604224852430, "s": "BTCUSDT", "a": 408220892, "p": "13692.31000000", "q": "0.00900000", "f": 448768941, "l": 448768941, "T": 1604224852428, "m": true, "M": true}, {"e": "aggTrade", "E": 1604224852430, "s": "BTCUSDT", "a": 408220893, "p": "13692.30000000", "q": "0.00200000", "f": 448768942, "l": 448768942, "T": 1604224852428, "m": true, "M": true}, {"e": "aggTrade", "E": 1604224852430, "s": "BTCUSDT", "a": 408220894, "p": "13692.12000000", "q": "0.03873100", "f": 448768943, "l": 448768943, "T": 1604224852428, "m": true, "M": true}, {"e": "aggTrade", "E": 1604224852531, "s": "BTCUSDT", "a": 408220895, "p": "13692.35000000", "q": "0.17138600", "f": 448768944, "l": 448768944, "T": 1604224852529, "m": false, "M": true}, {"e": "aggTrade", "E": 1604224852678, "s": "BTCUSDT", "a": 408220896, "p": "13692.58000000", "q": "0.02470000", "f": 448768945, "l": 448768945, "T": 1604224852677, "m": true, "M": true}, {"e": "aggTrade", "E": 1604224852769, "s": "BTCUSDT", "a": 408220897, "p": "13692.59000000", "q": "0.01800000", "f": 448768946, "l": 448768947, "T": 1604224852768, "m": false, "M": true}, {"e": "aggTrade", "E": 1604224852769, "s": "BTCUSDT", "a": 408220898, "p": "13693.04000000", "q": "0.33279000", "f": 448768948, "l": 448768948, "T": 1604224852768, "m": false, "M": true}, {"e": "aggTrade", "E": 1604224852784, "s": "BTCUSDT", "a": 408220899, "p": "13693.04000000", "q": "0.00900000", "f": 448768949, "l": 448768949, "T": 1604224852783, "m": false, "M": true}, {"e": "aggTrade", "E": 1604224852919, "s": "BTCUSDT", "a": 408220900, "p": "13693.05000000", "q": "0.00372700", "f": 448768950, "l": 448768950, "T": 1604224852917, "m": true, "M": true}, {"e": "aggTrade", "E": 1604224853008, "s": "BTCUSDT", "a": 408220901, "p": "13693.06000000", "q": "0.01800000", "f": 448768951, "l": 448768952, "T": 1604224853006, "m": false, "M": true}, {"e": "aggTrade", "E": 1604224853008, "s": "BTCUSDT", "a": 408220902, "p": "13693.08000000", "q": "0.00900000", "f": 448768953, "l": 448768953, "T": 1604224853006, "m": false, "M": true}, {"e": "aggTrade", "E": 1604224853008, "s": "BTCUSDT", "a": 408220903, "p": "13693.33000000", "q": "0.14500000", "f": 448768954, "l": 448768954, "T": 1604224853006, "m": false, "M": true}, {"e": "aggTrade", "E": 1604224853008, "s": "BTCUSDT", "a": 408220904, "p": "13693.58000000", "q": "0.00900000", "f": 448768955, "l": 448768955, "T": 1604224853006, "m": false, "M": true}, {"e": "aggTrade", "E": 1604224853008, "s": "BTCUSDT", "a": 408220905, "p": "13694.13000000", "q": "0.01372000", "f": 448768956, "l": 448768956, "T": 1604224853006, "m": false, "M": true}, {"e": "aggTrade", "E": 1604224853008, "s": "BTCUSDT", "a": 408220906, "p": "13694.27000000", "q": "0.00206700", "f": 448768957, "l": 448768957, "T": 1604224853006, "m": false, "M": true}, {"e": "aggTrade", "E": 1604224853008, "s": "BTCUSDT", "a": 408220907, "p": "13694.32000000", "q": "0.00755400", "f": 448768958, "l": 448768958, "T": 1604224853006, "m": false, "M": true}, {"e": "aggTrade", "E": 1604224853008, "s": "BTCUSDT", "a": 408220908, "p": "13694.64000000", "q": "0.09000000", "f": 448768959, "l": 448768959, "T": 1604224853006, "m": false, "M": true}, {"e": "aggTrade", "E": 1604224853008, "s": "BTCUSDT", "a": 408220909, "p": "13694.84000000", "q": "0.12236000", "f": 448768960, "l": 448768960, "T": 1604224853006, "m": false, "M": true}, {"e": "aggTrade", "E": 1604224853161, "s": "BTCUSDT", "a": 408220910, "p": "13695.17000000", "q": "0.00352800", "f": 448768961, "l": 448768961, "T": 1604224853160, "m": true, "M": true}, {"e": "aggTrade", "E": 1604224853162, "s": "BTCUSDT", "a": 408220911, "p": "13695.17000000", "q": "0.00083300", "f": 448768962, "l": 448768962, "T": 1604224853161, "m": true, "M": true}, {"e": "aggTrade", "E": 1604224853250, "s": "BTCUSDT", "a": 408220912, "p": "13695.17000000", "q": "0.08459300", "f": 448768963, "l": 448768964, "T": 1604224853248, "m": true, "M": true}, {"e": "aggTrade", "E": 1604224853510, "s": "BTCUSDT", "a": 408220913, "p": "13695.18000000", "q": "0.01100000", "f": 448768965, "l": 448768966, "T": 1604224853508, "m": false, "M": true}, {"e": "aggTrade", "E": 1604224853510, "s": "BTCUSDT", "a": 408220914, "p": "13695.41000000", "q": "0.08939300", "f": 448768967, "l": 448768968, "T": 1604224853508, "m": false, "M": true}, {"e": "aggTrade", "E": 1604224853924, "s": "BTCUSDT", "a": 408220915, "p": "13695.41000000", "q": "0.00900000", "f": 448768969, "l": 448768969, "T": 1604224853922, "m": false, "M": true}, {"e": "aggTrade", "E": 1604224853924, "s": "BTCUSDT", "a": 408220916, "p": "13695.59000000", "q": "0.00200000", "f": 448768970, "l": 448768970, "T": 1604224853922, "m": false, "M": true}, {"e": "aggTrade", "E": 1604224853924, "s": "BTCUSDT", "a": 408220917, "p": "13696.19000000", "q": "0.00206800", "f": 448768971, "l": 448768971, "T": 1604224853922, "m": false, "M": true}, {"e": "aggTrade", "E": 1604224853924, "s": "BTCUSDT", "a": 408220918, "p": "13696.53000000", "q": "0.02190300", "f": 448768972, "l": 448768972, "T": 1604224853922, "m": false, "M": true}, {"e": "aggTrade", "E": 1604224853924, "s": "BTCUSDT", "a": 408220919, "p": "13696.54000000", "q": "0.00201300", "f": 448768973, "l": 448768973, "T": 1604224853922, "m": false, "M": true}, {"e": "aggTrade", "E": 1604224853924, "s": "BTCUSDT", "a": 408220920, "p": "13696.71000000", "q": "0.02320400", "f": 448768974, "l": 448768974, "T": 1604224853922, "m": false, "M": true}, {"e": "aggTrade", "E": 1604224854106, "s": "BTCUSDT", "a": 408220921, "p": "13696.31000000", "q": "0.00413500", "f": 448768975, "l": 448768975, "T": 1604224854105, "m": true, "M": true}, {"e": "aggTrade", "E": 1604224854224, "s": "BTCUSDT", "a": 408220922, "p": "13696.32000000", "q": "0.00073600", "f": 448768976, "l": 448768976, "T": 1604224854223, "m": false, "M": true}, {"e": "aggTrade", "E": 1604224854294, "s": "BTCUSDT", "a": 408220923, "p": "13696.26000000", "q": "0.00100200", "f": 448768977, "l": 448768977, "T": 1604224854293, "m": true, "M": true}, {"e": "aggTrade", "E": 1604224854364, "s": "BTCUSDT", "a": 408220924, "p": "13696.27000000", "q": "0.06004100", "f": 448768978, "l": 448768978, "T": 1604224854363, "m": false, "M": true}, {"e": "aggTrade", "E": 1604224854391, "s": "BTCUSDT", "a": 408220925, "p": "13696.26000000", "q": "0.00089900", "f": 448768979, "l": 448768979, "T": 1604224854390, "m": true, "M": true}, {"e": "aggTrade", "E": 1604224854580, "s": "BTCUSDT", "a": 408220926, "p": "13696.27000000", "q": "0.02000000", "f": 448768980, "l": 448768980, "T": 1604224854579, "m": false, "M": true}, {"e": "aggTrade", "E": 1604224854807, "s": "BTCUSDT", "a": 408220927, "p": "13696.27000000", "q": "0.06010600", "f": 448768981, "l": 448768981, "T": 1604224854806, "m": false, "M": true}, {"e": "aggTrade", "E": 1604224854946, "s": "BTCUSDT", "a": 408220928, "p": "13696.27000000", "q": "0.00438500", "f": 448768982, "l": 448768982, "T": 1604224854945, "m": false, "M": true}, {"e": "aggTrade", "E": 1604224854952, "s": "BTCUSDT", "a": 408220929, "p": "13696.26000000", "q": "0.04407600", "f": 448768983, "l": 448768987, "T": 1604224854950, "m": true, "M": true}, {"e": "aggTrade", "E": 1604224855181, "s": "BTCUSDT", "a": 408220930, "p": "13696.26000000", "q": "0.00202300", "f": 448768988, "l": 448768989, "T": 1604224855180, "m": true, "M": true}, {"e": "aggTrade", "E": 1604224855199, "s": "BTCUSDT", "a": 408220931, "p": "13696.05000000", "q": "0.00900000", "f": 448768990, "l": 448768990, "T": 1604224855198, "m": true, "M": true}, {"e": "aggTrade", "E": 1604224855199, "s": "BTCUSDT", "a": 408220932, "p": "13695.40000000", "q": "0.00100000", "f": 448768991, "l": 448768991, "T": 1604224855198, "m": true, "M": true}, {"e": "aggTrade", "E": 1604224855215, "s": "BTCUSDT", "a": 408220933, "p": "13695.40000000", "q": "0.00100000", "f": 448768992, "l": 448768992, "T": 1604224855214, "m": true, "M": true}, {"e": "aggTrade", "E": 1604224855233, "s": "BTCUSDT", "a": 408220934, "p": "13695.30000000", "q": "0.06052200", "f": 448768993, "l": 448768993, "T": 1604224855232, "m": false, "M": true}, {"e": "aggTrade", "E": 1604224855640, "s": "BTCUSDT", "a": 408220935, "p": "13695.30000000", "q": "0.06004300", "f": 448768994, "l": 448768994, "T": 1604224855639, "m": false, "M": true}, {"e": "aggTrade", "E": 1604224855852, "s": "BTCUSDT", "a": 408220936, "p": "13695.29000000", "q": "0.02228600", "f": 448768995, "l": 448768997, "T": 1604224855850, "m": true, "M": true}, {"e": "aggTrade", "E": 1604224855883, "s": "BTCUSDT", "a": 408220937, "p": "13695.29000000", "q": "0.00002400", "f": 448768998, "l": 448768998, "T": 1604224855881, "m": true, "M": true}, {"e": "aggTrade", "E": 1604224855883, "s": "BTCUSDT", "a": 408220938, "p": "13694.98000000", "q": "0.00200000", "f": 448768999, "l": 448768999, "T": 1604224855881, "m": true, "M": true}, {"e": "aggTrade", "E": 1604224855883, "s": "BTCUSDT", "a": 408220939, "p": "13694.34000000", "q": "0.00641900", "f": 448769000, "l": 448769000, "T": 1604224855881, "m": true, "M": true}, {"e": "aggTrade", "E": 1604224855883, "s": "BTCUSDT", "a": 408220940, "p": "13694.00000000", "q": "0.02531100", "f": 448769001, "l": 448769001, "T": 1604224855881, "m": true, "M": true}, {"e": "aggTrade", "E": 1604224855960, "s": "BTCUSDT", "a": 408220941, "p": "13694.65000000", "q": "0.04631800", "f": 448769002, "l": 448769003, "T": 1604224855959, "m": true, "M": true}, {"e": "aggTrade", "E": 1604224856041, "s": "BTCUSDT", "a": 408220942, "p": "13694.66000000", "q": "0.06025900", "f": 448769004, "l": 448769005, "T": 1604224856040, "m": false, "M": true}, {"e": "aggTrade", "E": 1604224856071, "s": "BTCUSDT", "a": 408220943, "p": "13694.65000000", "q": "0.00303800", "f": 448769006, "l": 448769006, "T": 1604224856070, "m": true, "M": true}, {"e": "aggTrade", "E": 1604224856196, "s": "BTCUSDT", "a": 408220944, "p": "13694.65000000", "q": "0.05049900", "f": 448769007, "l": 448769007, "T": 1604224856195, "m": true, "M": true}, {"e": "aggTrade", "E": 1604224856207, "s": "BTCUSDT", "a": 408220945, "p": "13694.65000000", "q": "0.01167700", "f": 448769008, "l": 448769008, "T": 1604224856206, "m": true, "M": true}, {"e": "aggTrade", "E": 1604224856278, "s": "BTCUSDT", "a": 408220946, "p": "13694.65000000", "q": "0.00964900", "f": 448769009, "l": 448769009, "T": 1604224856277, "m": true, "M": true}, {"e": "aggTrade", "E": 1604224856430, "s": "BTCUSDT", "a": 408220947, "p": "13694.65000000", "q": "0.01804200", "f": 448769010, "l": 448769010, "T": 1604224856428, "m": true, "M": true}, {"e": "aggTrade", "E": 1604224856440, "s": "BTCUSDT", "a": 408220948, "p": "13694.66000000", "q": "0.06013500", "f": 448769011, "l": 448769011, "T": 1604224856439, "m": false, "M": true}, {"e": "aggTrade", "E": 1604224856449, "s": "BTCUSDT", "a": 408220949, "p": "13694.65000000", "q": "0.00239000", "f": 448769012, "l": 448769012, "T": 1604224856448, "m": true, "M": true}, {"e": "aggTrade", "E": 1604224856452, "s": "BTCUSDT", "a": 408220950, "p": "13694.66000000", "q": "0.26854900", "f": 448769013, "l": 448769013, "T": 1604224856450, "m": false, "M": true}, {"e": "aggTrade", "E": 1604224856555, "s": "BTCUSDT", "a": 408220951, "p": "13694.65000000", "q": "0.03810900", "f": 448769014, "l": 448769014, "T": 1604224856553, "m": true, "M": true}, {"e": "aggTrade", "E": 1604224856628, "s": "BTCUSDT", "a": 408220952, "p": "13694.65000000", "q": "0.00082100", "f": 448769015, "l": 448769015, "T": 1604224856627, "m": true, "M": true}, {"e": "aggTrade", "E": 1604224856841, "s": "BTCUSDT", "a": 408220953, "p": "13694.66000000", "q": "0.06085700", "f": 448769016, "l": 448769016, "T": 1604224856840, "m": false, "M": true}