[{"e": "aggTrade", "E": 1604221200091, "s": "BTCUSDT", "a": 408202367, "p": "13748.62000000", "q": "0.00836900", "f": 448745700, "l": 448745700, "T": 1604221200090, "m": false, "M": true}, {"e": "aggTrade", "E": 1604221200092, "s": "BTCUSDT", "a": 408202368, "p": "13748.74000000", "q": "0.00900000", "f": 448745701, "l": 448745701, "T": 1604221200091, "m": false, "M": true}, {"e": "aggTrade", "E": 1604221200092, "s": "BTCUSDT", "a": 408202369, "p": "13748.85000000", "q": "0.00425500", "f": 448745702, "l": 448745703, "T": 1604221200091, "m": false, "M": true}, {"e": "aggTrade", "E": 1604221200092, "s": "BTCUSDT", "a": 408202370, "p": "13748.91000000", "q": "0.01134000", "f": 448745704, "l": 448745704, "T": 1604221200091, "m": false, "M": true}, {"e": "aggTrade", "E": 1604221200309, "s": "BTCUSDT", "a": 408202371, "p": "13748.92000000", "q": "0.00800500", "f": 448745705, "l": 448745705, "T": 1604221200308, "m": false, "M": true}, {"e": "aggTrade", "E": 1604221200340, "s": "BTCUSDT", "a": 408202372, "p": "13748.92000000", "q": "0.00999500", "f": 448745706, "l": 448745707, "T": 1604221200339, "m": false, "M": true}, {"e": "aggTrade", "E": 1604221200569, "s": "BTCUSDT", "a": 408202373, "p": "13748.99000000", "q": "0.00206500", "f": 448745708, "l": 448745708, "T": 1604221200568, "m": false, "M": true}, {"e": "aggTrade", "E": 1604221200780, "s": "BTCUSDT", "a": 408202374, "p": "13748.99000000", "q": "0.01197000", "f": 448745709, "l": 448745709, "T": 1604221200779, "m": false, "M": true}, {"e": "aggTrade", "E": 1604221201107, "s": "BTCUSDT", "a": 408202375, "p": "13748.99000000", "q": "0.00809800", "f": 448745710, "l": 448745710, "T": 1604221201106, "m": false, "M": true}, {"e": "aggTrade", "E": 1604221201238, "s": "BTCUSDT", "a": 408202376, "p": "13748.99000000", "q": "0.00083900", "f": 448745711, "l": 448745711, "T": 1604221201237, "m": false, "M": true}, {"e": "aggTrade", "E": 1604221201242, "s": "BTCUSDT", "a": 408202377, "p": "13748.99000000", "q": "0.00312700", "f": 448745712, "l": 448745712, "T": 1604221201241, "m": false, "M": true}, {"e": "aggTrade", "E": 1604221201742, "s": "BTCUSDT", "a": 408202378, "p": "13748.98000000", "q": "0.00867000", "f": 448745713, "l": 448745713, "T": 1604221201741, "m": true, "M": true}, {"e": "aggTrade", "E": 1604221201830, "s": "BTCUSDT", "a": 408202379, "p": "13748.99000000", "q": "0.00226100", "f": 448745714, "l": 448745714, "T": 1604221201829, "m": false, "M": true}, {"e": "aggTrade", "E": 1604221201942, "s": "BTCUSDT", "a": 408202380, "p": "13748.99000000", "q": "0.00650000", "f": 448745715, "l": 448745715, "T": 1604221201941, "m": false, "M": true}, {"e": "aggTrade", "E": 1604221202280, "s": "BTCUSDT", "a": 408202381, "p": "13748.99000000", "q": "0.00200000", "f": 448745716, "l": 448745716, "T": 1604221202279, "m": false, "M": true}, {"e": "aggTrade", "E": 1604221202364, "s": "BTCUSDT", "a": 408202382, "p": "13748.99000000", "q": "0.22642900", "f": 448745717, "l": 448745717, "T": 1604221202363, "m": false, "M": true}, {"e": "aggTrade", "E": 1604221202389, "s": "BTCUSDT", "a": 408202383, "p": "13748.99000000", "q": "0.00229000", "f": 448745718, "l": 448745718, "T": 1604221202389, "m": false, "M": true}, {"e": "aggTrade", "E": 1604221202549, "s": "BTCUSDT", "a": 408202384, "p": "13748.99000000", "q": "0.05692800", "f": 448745719, "l": 448745719, "T": 1604221202548, "m": false, "M": true}, {"e": "aggTrade", "E": 1604221203045, "s": "BTCUSDT", "a": 408202385, "p": "13748.99000000", "q": "0.75000000", "f": 448745720, "l": 448745720, "T": 1604221203044, "m": false, "M": true}, {"e": "aggTrade", "E": 1604221203089, "s": "BTCUSDT", "a": 408202386, "p": "13748.99000000", "q": "0.14091000", "f": 448745721, "l": 448745721, "T": 1604221203087, "m": false, "M": true}, {"e": "aggTrade", "E": 1604221203266, "s": "BTCUSDT", "a": 408202387, "p": "13748.99000000", "q": "0.00084600", "f": 448745722, "l": 448745722, "T": 1604221203265, "m": false, "M": true}, {"e": "aggTrade", "E": 1604221203316, "s": "BTCUSDT", "a": 408202388, "p": "13748.99000000", "q": "1.22360800", "f": 448745723, "l": 448745723, "T": 1604221203314, "m": false, "M": true}, {"e": "aggTrade", "E": 1604221203670, "s": "BTCUSDT", "a": 408202389, "p": "13748.99000000", "q": "0.05200000", "f": 448745724, "l": 448745724, "T": 1604221203669, "m": false, "M": true}, {"e": "aggTrade", "E": 1604221203688, "s": "BTCUSDT", "a": 408202390, "p": "13748.99000000", "q": "0.40000000", "f": 448745725, "l": 448745725, "T": 1604221203687, "m": false, "M": true}, {"e": "aggTrade", "E": 1604221203912, "s": "BTCUSDT", "a": 408202391, "p": "13748.99000000", "q": "0.03700000", "f": 448745726, "l": 448745726, "T": 1604221203911, "m": false, "M": true}, {"e": "aggTrade", "E": 1604221204425, "s": "BTCUSDT", "a": 408202392, "p": "13748.99000000", "q": "0.02575800", "f": 448745727, "l": 448745731, "T": 1604221204424, "m": false, "M": true}, {"e": "aggTrade", "E": 1604221204425, "s": "BTCUSDT", "a": 408202393, "p": "13749.00000000", "q": "2.24087200", "f": 448745732, "l": 448745732, "T": 1604221204424, "m": false, "M": true}, {"e": "aggTrade", "E": 1604221204745, "s": "BTCUSDT", "a": 408202394, "p": "13749.00000000", "q": "0.29059700", "f": 448745733, "l": 448745733, "T": 1604221204743, "m": false, "M": true}, {"e": "aggTrade", "E": 1604221205560, "s": "BTCUSDT", "a": 408202395, "p": "13749.00000000", "q": "2.31913500", "f": 448745734, "l": 448745734, "T": 1604221205559, "m": false, "M": true}, {"e": "aggTrade", "E": 1604221205737, "s": "BTCUSDT", "a": 408202396, "p": "13749.00000000", "q": "0.00088100", "f": 448745735, "l": 448745735, "T": 1604221205736, "m": false, "M": true}, {"e": "aggTrade", "E": 1604221205811, "s": "BTCUSDT", "a": 408202397, "p": "13749.00000000", "q": "0.29059700", "f": 448745736, "l": 448745736, "T": 1604221205810, "m": false, "M": true}, {"e": "aggTrade", "E": 1604221205929, "s": "BTCUSDT", "a": 408202398, "p": "13749.00000000", "q": "0.03793200", "f": 448745737, "l": 448745737, "T": 1604221205928, "m": false, "M": true}, {"e": "aggTrade", "E": 1604221205932, "s": "BTCUSDT", "a": 408202399, "p": "13749.00000000", "q": "0.11380400", "f": 448745738, "l": 448745738, "T": 1604221205931, "m": false, "M": true}, {"e": "aggTrade", "E": 1604221205970, "s": "BTCUSDT", "a": 408202400, "p": "13749.00000000", "q": "0.03792600", "f": 448745739, "l": 448745739, "T": 1604221205969, "m": false, "M": true}, {"e": "aggTrade", "E": 1604221206273, "s": "BTCUSDT", "a": 408202401, "p": "13748.99000000", "q": "0.00100000", "f": 448745740, "l": 448745740, "T": 1604221206272, "m": true, "M": true}, {"e": "aggTrade", "E": 1604221206655, "s": "BTCUSDT", "a": 408202402, "p": "13749.00000000", "q": "20.00000000", "f": 448745741, "l": 448745741, "T": 1604221206654, "m": false, "M": true}, {"e": "aggTrade", "E": 1604221206767, "s": "BTCUSDT", "a": 408202403, "p": "13749.00000000", "q": "0.29059700", "f": 448745742, "l": 448745742, "T": 1604221206766, "m": false, "M": true}, {"e": "aggTrade", "E": 1604221206805, "s": "BTCUSDT", "a": 408202404, "p": "13749.00000000", "q": "0.30000000", "f": 448745743, "l": 448745743, "T": 1604221206804, "m": false, "M": true}, {"e": "aggTrade", "E": 1604221206931, "s": "BTCUSDT", "a": 408202405, "p": "13749.00000000", "q": "2.32587300", "f": 448745744, "l": 448745744, "T": 1604221206930, "m": false, "M": true}, {"e": "aggTrade", "E": 1604221207655, "s": "BTCUSDT", "a": 408202406, "p": "13749.00000000", "q": "0.00200000", "f": 448745745, "l": 448745745, "T": 1604221207654, "m": false, "M": true}, {"e": "aggTrade", "E": 1604221207803, "s": "BTCUSDT", "a": 408202407, "p": "13749.00000000", "q": "0.29059700", "f": 448745746, "l": 448745746, "T": 1604221207802, "m": false, "M": true}, {"e": "aggTrade", "E": 1604221207937, "s": "BTCUSDT", "a": 408202408, "p": "13749.00000000", "q": "1.92924600", "f": 448745747, "l": 448745747, "T": 1604221207936, "m": false, "M": true}, {"e": "aggTrade", "E": 1604221208079, "s": "BTCUSDT", "a": 408202409, "p": "13749.00000000", "q": "0.06300000", "f": 448745748, "l": 448745748, "T": 1604221208078, "m": false, "M": true}, {"e": "aggTrade", "E": 1604221208080, "s": "BTCUSDT", "a": 408202410, "p": "13749.00000000", "q": "0.08600000", "f": 448745749, "l": 448745749, "T": 1604221208079, "m": false, "M": true}, {"e": "aggTrade", "E": 1604221208081, "s": "BTCUSDT", "a": 408202411, "p": "13749.00000000", "q": "0.04500000", "f": 448745750, "l": 448745750, "T": 1604221208080, "m": false, "M": true}, {"e": "aggTrade", "E": 1604221208082, "s": "BTCUSDT", "a": 408202412, "p": "13749.00000000", "q": "0.08200000", "f": 448745751, "l": 448745751, "T": 1604221208081, "m": false, "M": true}, {"e": "aggTrade", "E": 1604221208082, "s": "BTCUSDT", "a": 408202413, "p": "13749.00000000", "q": "0.11800000", "f": 448745752, "l": 448745752, "T": 1604221208081, "m": false, "M": true}, {"e": "aggTrade", "E": 1604221208236, "s": "BTCUSDT", "a": 408202414, "p": "13749.00000000", "q": "0.18670900", "f": 448745753, "l": 448745753, "T": 1604221208234, "m": false, "M": true}, {"e": "aggTrade", "E": 1604221208346, "s": "BTCUSDT", "a": 408202415, "p": "13749.00000000", "q": "0.49614300", "f": 448745754, "l": 448745754, "T": 1604221208344, "m": false, "M": true}, {"e": "aggTrade", "E": 1604221208367, "s": "BTCUSDT", "a": 408202416, "p": "13749.00000000", "q": "0.00796300", "f": 448745755, "l": 448745755, "T": 1604221208365, "m": false, "M": true}, {"e": "aggTrade", "E": 1604221208466, "s": "BTCUSDT", "a": 408202417, "p": "13749.00000000", "q": "0.22135300", "f": 448745756, "l": 448745756, "T": 1604221208464, "m": false, "M": true}, {"e": "aggTrade", "E": 1604221208570, "s": "BTCUSDT", "a": 408202418, "p": "13749.00000000", "q": "0.20561800", "f": 448745757, "l": 448745757, "T": 1604221208568, "m": false, "M": true}, {"e": "aggTrade", "E": 1604221208665, "s": "BTCUSDT", "a": 408202419, "p": "13749.00000000", "q": "0.36323600", "f": 448745758, "l": 448745758, "T": 1604221208664, "m": false, "M": true}, {"e": "aggTrade", "E": 1604221208766, "s": "BTCUSDT", "a": 408202420, "p": "13749.00000000", "q": "0.29059700", "f": 448745759, "l": 448745759, "T": 1604221208765, "m": false, "M": true}, {"e": "aggTrade", "E": 1604221208874, "s": "BTCUSDT", "a": 408202421, "p": "13749.00000000", "q": "0.05750000", "f": 448745760, "l": 448745760, "T": 1604221208872, "m": false, "M": true}, {"e": "aggTrade", "E": 1604221208968, "s": "BTCUSDT", "a": 408202422, "p": "13749.00000000", "q": "0.02400000", "f": 448745761, "l": 448745761, "T": 1604221208967, "m": false, "M": true}, {"e": "aggTrade", "E": 1604221209026, "s": "BTCUSDT", "a": 408202423, "p": "13749.00000000", "q": "2.32882000", "f": 448745762, "l": 448745762, "T": 1604221209024, "m": false, "M": true}, {"e": "aggTrade", "E": 1604221209076, "s": "BTCUSDT", "a": 408202424, "p": "13749.00000000", "q": "0.02400000", "f": 448745763, "l": 448745763, "T": 1604221209074, "m": false, "M": true}, {"e": "aggTrade", "E": 1604221209185, "s": "BTCUSDT", "a": 408202425, "p": "13749.00000000", "q": "0.00400000", "f": 448745764, "l": 448745764, "T": 1604221209183, "m": false, "M": true}, {"e": "aggTrade", "E": 1604221209293, "s": "BTCUSDT", "a": 408202426, "p": "13749.00000000", "q": "0.00400000", "f": 448745765, "l": 448745765, "T": 1604221209291, "m": false, "M": true}, {"e": "aggTrade", "E": 1604221209387, "s": "BTCUSDT", "a": 408202427, "p": "13749.00000000", "q": "0.00400000", "f": 448745766, "l": 448745766, "T": 1604221209386, "m": false, "M": true}, {"e": "aggTrade", "E": 1604221209463, "s": "BTCUSDT", "a": 408202428, "p": "13749.00000000", "q": "0.00081800", "f": 448745767, "l": 448745767, "T": 1604221209461, "m": false, "M": true}, {"e": "aggTrade", "E": 1604221209506, "s": "BTCUSDT", "a": 408202429, "p": "13749.00000000", "q": "0.00400000", "f": 448745768, "l": 448745768, "T": 1604221209504, "m": false, "M": true}, {"e": "aggTrade", "E": 1604221209620, "s": "BTCUSDT", "a": 408202430, "p": "13749.00000000", "q": "0.02400000", "f": 448745769, "l": 448745769, "T": 1604221209618, "m": false, "M": true}, {"e": "aggTrade", "E": 1604221209719, "s": "BTCUSDT", "a": 408202431, "p": "13749.00000000", "q": "0.00400000", "f": 448745770, "l": 448745770, "T": 1604221209718, "m": false, "M": true}, {"e": "aggTrade", "E": 1604221209828, "s": "BTCUSDT", "a": 408202432, "p": "13749.00000000", "q": "0.10689700", "f": 448745771, "l": 448745771, "T": 1604221209826, "m": false, "M": true}, {"e": "aggTrade", "E": 1604221209843, "s": "BTCUSDT", "a": 408202433, "p": "13749.00000000", "q": "0.00400000", "f": 448745772, "l": 448745772, "T": 1604221209842, "m": false, "M": true}, {"e": "aggTrade", "E": 1604221209928, "s": "BTCUSDT", "a": 408202434, "p": "13749.00000000", "q": "0.00400000", "f": 448745773, "l": 448745773, "T": 1604221209926, "m": false, "M": true}, {"e": "aggTrade", "E": 1604221209984, "s": "BTCUSDT", "a": 408202435, "p": "13748.99000000", "q": "0.01468900", "f": 448745774, "l": 448745774, "T": 1604221209983, "m": true, "M": true}, {"e": "aggTrade", "E": 1604221210061, "s": "BTCUSDT", "a": 408202436, "p": "13749.00000000", "q": "0.01702400", "f": 448745775, "l": 448745775, "T": 1604221210059, "m": false, "M": true}, {"e": "aggTrade", "E": 1604221210092, "s": "BTCUSDT", "a": 408202437, "p": "13749.00000000", "q": "2.32006100", "f": 448745776, "l": 448745776, "T": 1604221210091, "m": false, "M": true}, {"e": "aggTrade", "E": 1604221210114, "s": "BTCUSDT", "a": 408202438, "p": "13749.00000000", "q": "10.00000000", "f": 448745777, "l": 448745777, "T": 1604221210113, "m": false, "M": true}, {"e": "aggTrade", "E": 1604221210146, "s": "BTCUSDT", "a": 408202439, "p": "13749.00000000", "q": "0.00600000", "f": 448745778, "l": 448745778, "T": 1604221210145, "m": false, "M": true}, {"e": "aggTrade", "E": 1604221210147, "s": "BTCUSDT", "a": 408202440, "p": "13749.00000000", "q": "1.20000000", "f": 448745779, "l": 448745779, "T": 1604221210146, "m": false, "M": true}, {"e": "aggTrade", "E": 1604221210147, "s": "BTCUSDT", "a": 408202441, "p": "13749.00000000", "q": "0.00200000", "f": 448745780, "l": 448745780, "T": 1604221210147, "m": false, "M": true}, {"e": "aggTrade", "E": 1604221210148, "s": "BTCUSDT", "a": 408202442, "p": "13749.00000000", "q": "0.60000000", "f": 448745781, "l": 448745781, "T": 1604221210147, "m": false, "M": true}, {"e": "aggTrade", "E": 1604221210169, "s": "BTCUSDT", "a": 408202443, "p": "13749.00000000", "q": "4.24100000", "f": 448745782, "l": 448745782, "T": 1604221210168, "m": false, "M": true}, {"e": "aggTrade", "E": 1604221210179, "s": "BTCUSDT", "a": 408202444, "p": "13749.00000000", "q": "1.20000000", "f": 448745783, "l": 448745783, "T": 1604221210178, "m": false, "M": true}, {"e": "aggTrade", "E": 1604221210192, "s": "BTCUSDT", "a": 408202445, "p": "13749.00000000", "q": "0.84150000", "f": 448745784, "l": 448745784, "T": 1604221210191, "m": false, "M": true}, {"e": "aggTrade", "E": 1604221210192, "s": "BTCUSDT", "a": 408202446, "p": "13749.00000000", "q": "2.50000000", "f": 448745785, "l": 448745785, "T": 1604221210191, "m": false, "M": true}, {"e": "aggTrade", "E": 1604221210193, "s": "BTCUSDT", "a": 408202447, "p": "13749.00000000", "q": "0.05000000", "f": 448745786, "l": 448745786, "T": 1604221210192, "m": false, "M": true}, {"e": "aggTrade", "E": 1604221210194, "s": "BTCUSDT", "a": 408202448, "p": "13749.00000000", "q": "2.50000000", "f": 448745787, "l": 448745787, "T": 1604221210193, "m": false, "M": true}, {"e": "aggTrade", "E": 1604221210198, "s": "BTCUSDT", "a": 408202449, "p": "13749.00000000", "q": "2.50000000", "f": 448745788, "l": 448745788, "T": 1604221210197, "m": false, "M": true}, {"e": "aggTrade", "E": 1604221210203, "s": "BTCUSDT", "a": 408202450, "p": "13749.00000000", "q": "0.40000000", "f": 448745789, "l": 448745789, "T": 1604221210202, "m": false, "M": true}, {"e": "aggTrade", "E": 1604221210206, "s": "BTCUSDT", "a": 408202451, "p": "13749.00000000", "q": "0.02100000", "f": 448745790, "l": 448745790, "T": 1604221210205, "m": false, "M": true}, {"e": "aggTrade", "E": 1604221210210, "s": "BTCUSDT", "a": 408202452, "p": "13749.00000000", "q": "0.03300000", "f": 448745791, "l": 448745791, "T": 1604221210209, "m": false, "M": true}, {"e": "aggTrade", "E": 1604221210210, "s": "BTCUSDT", "a": 408202453, "p": "13749.00000000", "q": "0.04239000", "f": 448745792, "l": 448745792, "T": 1604221210209, "m": false, "M": true}, {"e": "aggTrade", "E": 1604221210211, "s": "BTCUSDT", "a": 408202454, "p": "13749.00000000", "q": "0.02900000", "f": 448745793, "l": 448745793, "T": 1604221210210, "m": false, "M": true}, {"e": "aggTrade", "E": 1604221210234, "s": "BTCUSDT", "a": 408202455, "p": "13749.00000000", "q": "5.72700000", "f": 448745794, "l": 448745794, "T": 1604221210233, "m": false, "M": true}, {"e": "aggTrade", "E": 1604221210235, "s": "BTCUSDT", "a": 408202456, "p": "13749.00000000", "q": "0.16800000", "f": 448745795, "l": 448745795, "T": 1604221210234, "m": false, "M": true}, {"e": "aggTrade", "E": 1604221210236, "s": "BTCUSDT", "a": 408202457, "p": "13749.00000000", "q": "2.00000000", "f": 448745796, "l": 448745796, "T": 1604221210235, "m": false, "M": true}, {"e": "aggTrade", "E": 1604221210243, "s": "BTCUSDT", "a": 408202458, "p": "13749.00000000", "q": "0.22110500", "f": 448745797, "l": 448745797, "T": 1604221210241, "m": false, "M": true}, {"e": "aggTrade", "E": 1604221210243, "s": "BTCUSDT", "a": 408202459, "p": "13749.00000000", "q": "0.03200000", "f": 448745798, "l": 448745798, "T": 1604221210242, "m": false, "M": true}, {"e": "aggTrade", "E": 1604221210250, "s": "BTCUSDT", "a": 408202460, "p": "13749.00000000", "q": "0.02600000", "f": 448745799, "l": 448745799, "T": 1604221210247, "m": false, "M": true}, {"e": "aggTrade", "E": 1604221210252, "s": "BTCUSDT", "a": 408202461, "p": "13749.00000000", "q": "0.03600000", "f": 448745800, "l": 448745800, "T": 1604221210250, "m": false, "M": true}, {"e": "aggTrade", "E": 1604221210256, "s": "BTCUSDT", "a": 408202462, "p": "13749.00000000", "q": "0.08500000", "f": 448745801, "l": 448745801, "T": 1604221210255, "m": false, "M": true}, {"e": "aggTrade", "E": 1604221210261, "s": "BTCUSDT", "a": 408202463, "p": "13749.00000000", "q": "0.24000000", "f": 448745802, "l": 448745802, "T": 1604221210259, "m": false, "M": true}, {"e": "aggTrade", "E": 1604221210264, "s": "BTCUSDT", "a": 408202464, "p": "13749.00000000", "q": "3.26539000", "f": 448745803, "l": 448745809, "T": 1604221210261, "m": false, "M": true}, {"e": "aggTrade", "E": 1604221210264, "s": "BTCUSDT", "a": 408202465, "p": "13749.19000000", "q": "0.00400000", "f": 448745810, "l": 448745811, "T": 1604221210261, "m": false, "M": true}, {"e": "aggTrade", "E": 1604221210264, "s": "BTCUSDT", "a": 408202466, "p": "13749.62000000", "q": "0.00819600", "f": 448745812, "l": 448745812, "T": 1604221210261, "m": false, "M": true}, {"e": "aggTrade", "E": 1604221210264, "s": "BTCUSDT", "a": 408202467, "p": "13749.68000000", "q": "0.01242300", "f": 448745813, "l": 448745813, "T": 1604221210261, "m": false, "M": true}, {"e": "aggTrade", "E": 1604221210264, "s": "BTCUSDT", "a": 408202468, "p": "13749.96000000", "q": "0.00900000", "f": 448745814, "l": 448745814, "T": 1604221210261, "m": false, "M": true}, {"e": "aggTrade", "E": 1604221210264, "s": "BTCUSDT", "a": 408202469, "p": "13750.00000000", "q": "0.06493000", "f": 448745815, "l": 448745817, "T": 1604221210261, "m": false, "M": true}, {"e": "aggTrade", "E": 1604221210264, "s": "BTCUSDT", "a": 408202470, "p": "13750.08000000", "q": "0.00900000", "f": 448745818, "l": 448745818, "T": 1604221210261, "m": false, "M": true}, {"e": "aggTrade", "E": 1604221210264, "s": "BTCUSDT", "a": 408202471, "p": "13750.15000000", "q": "0.00201300", "f": 448745819, "l": 448745819, "T": 1604221210261, "m": false, "M": true}, {"e": "aggTrade", "E": 1604221210264, "s": "BTCUSDT", "a": 408202472, "p": "13750.50000000", "q": "0.00200000", "f": 448745820, "l": 448745820, "T": 1604221210261, "m": false, "M": true}, {"e": "aggTrade", "E": 1604221210264, "s": "BTCUSDT", "a": 408202473, "p": "13750.60000000", "q": "0.02909000", "f": 448745821, "l": 448745821, "T": 1604221210261, "m": false, "M": true}, {"e": "aggTrade", "E": 1604221210264, "s": "BTCUSDT", "a": 408202474, "p": "13751.02000000", "q": "0.00900000", "f": 448745822, "l": 448745822, "T": 1604221210261, "m": false, "M": true}, {"e": "aggTrade", "E": 1604221210264, "s": "BTCUSDT", "a": 408202475, "p": "13751.65000000", "q": "0.10000000", "f": 448745823, "l": 448745823, "T": 1604221210261, "m": false, "M": true}, {"e": "aggTrade", "E": 1604221210264, "s": "BTCUSDT", "a": 408202476, "p": "13752.11000000", "q": "0.02181400", "f": 448745824, "l": 448745824, "T": 1604221210261, "m": false, "M": true}, {"e": "aggTrade", "E": 1604221210264, "s": "BTCUSDT", "a": 408202477, "p": "13752.20000000", "q": "0.00900000", "f": 448745825, "l": 448745825, "T": 1604221210261, "m": false, "M": true}, {"e": "aggTrade", "E": 1604221210264, "s": "BTCUSDT", "a": 408202478, "p": "13752.33000000", "q": "0.00900000", "f": 448745826, "l": 448745826, "T": 1604221210261, "m": false, "M": true}, {"e": "aggTrade", "E": 1604221210264, "s": "BTCUSDT", "a": 408202479, "p": "13752.36000000", "q": "0.01603500", "f": 448745827, "l": 448745828, "T": 1604221210261, "m": false, "M": true}, {"e": "aggTrade", "E": 1604221210264, "s": "BTCUSDT", "a": 408202480, "p": "13753.20000000", "q": "0.01133300", "f": 448745829, "l": 448745829, "T": 1604221210261, "m": false, "M": true}, {"e": "aggTrade", "E": 1604221210264, "s": "BTCUSDT", "a": 408202481, "p": "13753.27000000", "q": "0.00201100", "f": 448745830, "l": 448745830, "T": 1604221210261, "m": false, "M": true}, {"e": "aggTrade", "E": 1604221210264, "s": "BTCUSDT", "a": 408202482, "p": "13753.31000000", "q": "0.13031000", "f": 448745831, "l": 448745831, "T": 1604221210261, "m": false, "M": true}, {"e": "aggTrade", "E": 1604221210264, "s": "BTCUSDT", "a": 408202483, "p": "13753.46000000", "q": "0.03145500", "f": 448745832, "l": 448745832, "T": 1604221210261, "m": false, "M": true}, {"e": "aggTrade", "E": 1604221210269, "s": "BTCUSDT", "a": 408202484, "p": "13753.46000000", "q": "0.58200000", "f": 448745833, "l": 448745833, "T": 1604221210268, "m": false, "M": true}, {"e": "aggTrade", "E": 1604221210287, "s": "BTCUSDT", "a": 408202485, "p": "13751.23000000", "q": "0.00900000", "f": 448745834, "l": 448745834, "T": 1604221210284, "m": false, "M": true}, {"e": "aggTrade", "E": 1604221210287, "s": "BTCUSDT", "a": 408202486, "p": "13753.17000000", "q": "0.09999900", "f": 448745835, "l": 448745835, "T": 1604221210284, "m": false, "M": true}, {"e": "aggTrade", "E": 1604221210287, "s": "BTCUSDT", "a": 408202487, "p": "13753.34000000", "q": "0.00700100", "f": 448745836, "l": 448745836, "T": 1604221210284, "m": false, "M": true}, {"e": "aggTrade", "E": 1604221210290, "s": "BTCUSDT", "a": 408202488, "p": "13753.34000000", "q": "0.05221200", "f": 448745837, "l": 448745837, "T": 1604221210289, "m": false, "M": true}, {"e": "aggTrade", "E": 1604221210290, "s": "BTCUSDT", "a": 408202489, "p": "13753.46000000", "q": "0.03654500", "f": 448745838, "l": 448745838, "T": 1604221210289, "m": false, "M": true}, {"e": "aggTrade", "E": 1604221210290, "s": "BTCUSDT", "a": 408202490, "p": "13753.64000000", "q": "0.06000000", "f": 448745839, "l": 448745840, "T": 1604221210289, "m": false, "M": true}, {"e": "aggTrade", "E": 1604221210290, "s": "BTCUSDT", "a": 408202491, "p": "13753.74000000", "q": "0.00205800", "f": 448745841, "l": 448745841, "T": 1604221210289, "m": false, "M": true}, {"e": "aggTrade", "E": 1604221210290, "s": "BTCUSDT", "a": 408202492, "p": "13753.80000000", "q": "0.00900000", "f": 448745842, "l": 448745842, "T": 1604221210289, "m": false, "M": true}, {"e": "aggTrade", "E": 1604221210290, "s": "BTCUSDT", "a": 408202493, "p": "13753.81000000", "q": "0.11427900", "f": 448745843, "l": 448745843, "T": 1604221210289, "m": false, "M": true}, {"e": "aggTrade", "E": 1604221210290, "s": "BTCUSDT", "a": 408202494, "p": "13753.82000000", "q": "0.00201600", "f": 448745844, "l": 448745844, "T": 1604221210289, "m": false, "M": true}, {"e": "aggTrade", "E": 1604221210290, "s": "BTCUSDT", "a": 408202495, "p": "13753.89000000", "q": "0.02389000", "f": 448745845, "l": 448745845, "T": 1604221210289, "m": false, "M": true}, {"e": "aggTrade", "E": 1604221210295, "s": "BTCUSDT", "a": 408202496, "p": "13753.89000000", "q": "0.90100000", "f": 448745846, "l": 448745846, "T": 1604221210293, "m": false, "M": true}, {"e": "aggTrade", "E": 1604221210299, "s": "BTCUSDT", "a": 408202497, "p": "13753.89000000", "q": "0.30000000", "f": 448745847, "l": 448745847, "T": 1604221210296, "m": false, "M": true}, {"e": "aggTrade", "E": 1604221210299, "s": "BTCUSDT", "a": 408202498, "p": "13753.89000000", "q": "0.23000000", "f": 448745848, "l": 448745848, "T": 1604221210297, "m": false, "M": true}, {"e": "aggTrade", "E": 1604221210302, "s": "BTCUSDT", "a": 408202499, "p": "13753.89000000", "q": "0.16211000", "f": 448745849, "l": 448745849, "T": 1604221210300, "m": false, "M": true}, {"e": "aggTrade", "E": 1604221210302, "s": "BTCUSDT", "a": 408202500, "p": "13754.00000000", "q": "0.13789000", "f": 448745850, "l": 448745850, "T": 1604221210300, "m": false, "M": true}, {"e": "aggTrade", "E": 1604221210305, "s": "BTCUSDT", "a": 408202501, "p": "13754.00000000", "q": "0.10000000", "f": 448745851, "l": 448745851, "T": 1604221210302, "m": false, "M": true}, {"e": "aggTrade", "E": 1604221210306, "s": "BTCUSDT", "a": 408202502, "p": "13753.13000000", "q": "0.05921300", "f": 448745852, "l": 448745852, "T": 1604221210304, "m": false, "M": true}, {"e": "aggTrade", "E": 1604221210306, "s": "BTCUSDT", "a": 408202503, "p": "13754.00000000", "q": "0.15378700", "f": 448745853, "l": 448745853, "T": 1604221210304, "m": false, "M": true}, {"e": "aggTrade", "E": 1604221210350, "s": "BTCUSDT", "a": 408202504, "p": "13753.67000000", "q": "0.05240000", "f": 448745854, "l": 448745854, "T": 1604221210344, "m": false, "M": true}, {"e": "aggTrade", "E": 1604221210392, "s": "BTCUSDT", "a": 408202505, "p": "13753.67000000", "q": "0.04229200", "f": 448745855, "l": 448745856, "T": 1604221210390, "m": false, "M": true}, {"e": "aggTrade", "E": 1604221210409, "s": "BTCUSDT", "a": 408202506, "p": "13753.70000000", "q": "0.00228700", "f": 448745857, "l": 448745857, "T": 1604221210408, "m": true, "M": true}, {"e": "aggTrade", "E": 1604221210448, "s": "BTCUSDT", "a": 408202507, "p": "13753.70000000", "q": "0.00308700", "f": 448745858, "l": 448745858, "T": 1604221210446, "m": true, "M": true}, {"e": "aggTrade", "E": 1604221210508, "s": "BTCUSDT", "a": 408202508, "p": "13753.70000000", "q": "0.00377700", "f": 448745859, "l": 448745859, "T": 1604221210506, "m": true, "M": true}, {"e": "aggTrade", "E": 1604221210622, "s": "BTCUSDT", "a": 408202509, "p": "13753.70000000", "q": "0.03406300", "f": 448745860, "l": 448745860, "T": 1604221210620, "m": true, "M": true}, {"e": "aggTrade", "E": 1604221210640, "s": "BTCUSDT", "a": 408202510, "p": "13753.71000000", "q": "0.01616100", "f": 448745861, "l": 448745862, "T": 1604221210638, "m": false, "M": true}, {"e": "aggTrade", "E": 1604221210640, "s": "BTCUSDT", "a": 408202511, "p": "13753.99000000", "q": "0.04441700", "f": 448745863, "l": 448745863, "T": 1604221210638, "m": false, "M": true}, {"e": "aggTrade", "E": 1604221210659, "s": "BTCUSDT", "a": 408202512, "p": "13754.00000000", "q": "0.31754500", "f": 448745864, "l": 448745864, "T": 1604221210658, "m": false, "M": true}, {"e": "aggTrade", "E": 1604221210848, "s": "BTCUSDT", "a": 408202513, "p": "13753.98000000", "q": "0.03148100", "f": 448745865, "l": 448745865, "T": 1604221210847, "m": true, "M": true}, {"e": "aggTrade", "E": 1604221211003, "s": "BTCUSDT", "a": 408202514, "p": "13753.98000000", "q": "0.00367800", "f": 448745866, "l": 448745866, "T": 1604221211002, "m": true, "M": true}, {"e": "aggTrade", "E": 1604221211072, "s": "BTCUSDT", "a": 408202515, "p": "13753.99000000", "q": "0.00900000", "f": 448745867, "l": 448745867, "T": 1604221211070, "m": false, "M": true}, {"e": "aggTrade", "E": 1604221211072, "s": "BTCUSDT", "a": 408202516, "p": "13754.00000000", "q": "0.02256300", "f": 448745868, "l": 448745868, "T": 1604221211070, "m": false, "M": true}, {"e": "aggTrade", "E": 1604221211072, "s": "BTCUSDT", "a": 408202517, "p": "13754.08000000", "q": "0.00900000", "f": 448745869, "l": 448745869, "T": 1604221211070, "m": false, "M": true}, {"e": "aggTrade", "E": 1604221211072, "s": "BTCUSDT", "a": 408202518, "p": "13754.19000000", "q": "0.01447200", "f": 448745870, "l": 448745870, "T": 1604221211070, "m": false, "M": true}, {"e": "aggTrade", "E": 1604221211072, "s": "BTCUSDT", "a": 408202519, "p": "13754.20000000", "q": "0.00513600", "f": 448745871, "l": 448745871, "T": 1604221211070, "m": false, "M": true}, {"e": "aggTrade", "E": 1604221211100, "s": "BTCUSDT", "a": 408202520, "p": "13754.19000000", "q": "0.04979800", "f": 448745872, "l": 448745872, "T": 1604221211098, "m": true, "M": true}, {"e": "aggTrade", "E": 1604221211177, "s": "BTCUSDT", "a": 408202521, "p": "13754.20000000", "q": "0.00565200", "f": 448745873, "l": 448745873, "T": 1604221211175, "m": false, "M": true}, {"e": "aggTrade", "E": 1604221211210, "s": "BTCUSDT", "a": 408202522, "p": "13754.19000000", "q": "0.05005100", "f": 448745874, "l": 448745874, "T": 1604221211209, "m": true, "M": true}, {"e": "aggTrade", "E": 1604221211282, "s": "BTCUSDT", "a": 408202523, "p": "13754.20000000", "q": "0.00334800", "f": 448745875, "l": 448745875, "T": 1604221211280, "m": false, "M": true}, {"e": "aggTrade", "E": 1604221211282, "s": "BTCUSDT", "a": 408202524, "p": "13754.37000000", "q": "0.00900000", "f": 448745876, "l": 448745876, "T": 1604221211280, "m": false, "M": true}, {"e": "aggTrade", "E": 1604221211282, "s": "BTCUSDT", "a": 408202525, "p": "13754.92000000", "q": "0.00765200", "f": 448745877, "l": 448745877, "T": 1604221211280, "m": false, "M": true}, {"e": "aggTrade", "E": 1604221211320, "s": "BTCUSDT", "a": 408202526, "p": "13754.93000000", "q": "0.09000000", "f": 448745878, "l": 448745878, "T": 1604221211319, "m": false, "M": true}, {"e": "aggTrade", "E": 1604221211320, "s": "BTCUSDT", "a": 408202527, "p": "13754.94000000", "q": "0.00900000", "f": 448745879, "l": 448745879, "T": 1604221211319, "m": false, "M": true}, {"e": "aggTrade", "E": 1604221211438, "s": "BTCUSDT", "a": 408202528, "p": "13755.16000000", "q": "0.03182200", "f": 448745880, "l": 448745880, "T": 1604221211436, "m": true, "M": true}, {"e": "aggTrade", "E": 1604221211450, "s": "BTCUSDT", "a": 408202529, "p": "13755.17000000", "q": "0.00973600", "f": 448745881, "l": 448745882, "T": 1604221211448, "m": false, "M": true}, {"e": "aggTrade", "E": 1604221211450, "s": "BTCUSDT", "a": 408202530, "p": "13755.18000000", "q": "0.00900000", "f": 448745883, "l": 448745883, "T": 1604221211448, "m": false, "M": true}, {"e": "aggTrade", "E": 1604221211450, "s": "BTCUSDT", "a": 408202531, "p": "13755.48000000", "q": "0.00900000", "f": 448745884, "l": 448745884, "T": 1604221211448, "m": false, "M": true}, {"e": "aggTrade", "E": 1604221211450, "s": "BTCUSDT", "a": 408202532, "p": "13755.70000000", "q": "0.00201000", "f": 448745885, "l": 448745885, "T": 1604221211448, "m": false, "M": true}, {"e": "aggTrade", "E": 1604221211450, "s": "BTCUSDT", "a": 408202533, "p": "13756.02000000", "q": "0.01400000", "f": 448745886, "l": 448745888, "T": 1604221211448, "m": false, "M": true}, {"e": "aggTrade", "E": 1604221211450, "s": "BTCUSDT", "a": 408202534, "p": "13756.41000000", "q": "0.00075700", "f": 448745889, "l": 448745889, "T": 1604221211448, "m": false, "M": true}, {"e": "aggTrade", "E": 1604221211450, "s": "BTCUSDT", "a": 408202535, "p": "13756.60000000", "q": "0.00900000", "f": 448745890, "l": 448745890, "T": 1604221211448, "m": false, "M": true}, {"e": "aggTrade", "E": 1604221211450, "s": "BTCUSDT", "a": 408202536, "p": "13756.75000000", "q": "0.00181600", "f": 448745891, "l": 448745891, "T": 1604221211448, "m": false, "M": true}, {"e": "aggTrade", "E": 1604221211450, "s": "BTCUSDT", "a": 408202537, "p": "13757.21000000", "q": "0.00201200", "f": 448745892, "l": 448745892, "T": 1604221211448, "m": false, "M": true}, {"e": "aggTrade", "E": 1604221211450, "s": "BTCUSDT", "a": 408202538, "p": "13757.28000000", "q": "0.00201500", "f": 448745893, "l": 448745893, "T": 1604221211448, "m": false, "M": true}, {"e": "aggTrade", "E": 1604221211450, "s": "BTCUSDT", "a": 408202539, "p": "13757.44000000", "q": "0.00070500", "f": 448745894, "l": 448745894, "T": 1604221211448, "m": false, "M": true}, {"e": "aggTrade", "E": 1604221211714, "s": "BTCUSDT", "a": 408202540, "p": "13756.31000000", "q": "0.01100000", "f": 448745895, "l": 448745896, "T": 1604221211713, "m": false, "M": true}, {"e": "aggTrade", "E": 1604221211714, "s": "BTCUSDT", "a": 408202541, "p": "13757.44000000", "q": "0.01929500", "f": 448745897, "l": 448745898, "T": 1604221211713, "m": false, "M": true}, {"e": "aggTrade", "E": 1604221211714, "s": "BTCUSDT", "a": 408202542, "p": "13757.57000000", "q": "0.00900000", "f": 448745899, "l": 448745899, "T": 1604221211713, "m": false, "M": true}, {"e": "aggTrade", "E": 1604221211714, "s": "BTCUSDT", "a": 408202543, "p": "13757.58000000", "q": "0.00201700", "f": 448745900, "l": 448745900, "T": 1604221211713, "m": false, "M": true}, {"e": "aggTrade", "E": 1604221211714, "s": "BTCUSDT", "a": 408202544, "p": "13757.60000000", "q": "0.00201400", "f": 448745901, "l": 448745901, "T": 1604221211713, "m": false, "M": true}, {"e": "aggTrade", "E": 1604221211714, "s": "BTCUSDT", "a": 408202545, "p": "13758.07000000", "q": "0.04667400", "f": 448745902, "l": 448745902, "T": 1604221211713, "m": false, "M": true}, {"e": "aggTrade", "E": 1604221211776, "s": "BTCUSDT", "a": 408202546, "p": "13757.18000000", "q": "0.14089200", "f": 448745903, "l": 448745904, "T": 1604221211775, "m": true, "M": true}, {"e": "aggTrade", "E": 1604221211852, "s": "BTCUSDT", "a": 408202547, "p": "13757.19000000", "q": "0.00900000", "f": 448745905, "l": 448745905, "T": 1604221211851, "m": false, "M": true}, {"e": "aggTrade", "E": 1604221211852, "s": "BTCUSDT", "a": 408202548, "p": "13758.07000000", "q": "0.05101100", "f": 448745906, "l": 448745906, "T": 1604221211851, "m": false, "M": true}, {"e": "aggTrade", "E": 1604221211858, "s": "BTCUSDT", "a": 408202549, "p": "13757.18000000", "q": "0.00109600", "f": 448745907, "l": 448745907, "T": 1604221211857, "m": true, "M": true}, {"e": "aggTrade", "E": 1604221211859, "s": "BTCUSDT", "a": 408202550, "p": "13758.07000000", "q": "0.00590500", "f": 448745908, "l": 448745908, "T": 1604221211857, "m": false, "M": true}, {"e": "aggTrade", "E": 1604221211859, "s": "BTCUSDT", "a": 408202551, "p": "13758.18000000", "q": "0.00309500", "f": 448745909, "l": 448745909, "T": 1604221211857, "m": false, "M": true}, {"e": "aggTrade", "E": 1604221211969, "s": "BTCUSDT", "a": 408202552, "p": "13757.62000000", "q": "0.00899900", "f": 448745910, "l": 448745910, "T": 1604221211968, "m": true, "M": true}, {"e": "aggTrade", "E": 1604221212018, "s": "BTCUSDT", "a": 408202553, "p": "13757.63000000", "q": "0.00900000", "f": 448745911, "l": 448745911, "T": 1604221212017, "m": false, "M": true}, {"e": "aggTrade", "E": 1604221212018, "s": "BTCUSDT", "a": 408202554, "p": "13758.07000000", "q": "0.00067500", "f": 448745912, "l": 448745912, "T": 1604221212017, "m": false, "M": true}, {"e": "aggTrade", "E": 1604221212072, "s": "BTCUSDT", "a": 408202555, "p": "13757.81000000", "q": "0.00900000", "f": 448745913, "l": 448745913, "T": 1604221212070, "m": true, "M": true}, {"e": "aggTrade", "E": 1604221212072, "s": "BTCUSDT", "a": 408202556, "p": "13757.62000000", "q": "0.00000100", "f": 448745914, "l": 448745914, "T": 1604221212070, "m": true, "M": true}, {"e": "aggTrade", "E": 1604221212072, "s": "BTCUSDT", "a": 408202557, "p": "13757.20000000", "q": "0.09501200", "f": 448745915, "l": 448745915, "T": 1604221212070, "m": true, "M": true}, {"e": "aggTrade", "E": 1604221212072, "s": "BTCUSDT", "a": 408202558, "p": "13757.18000000", "q": "0.04861800", "f": 448745916, "l": 448745916, "T": 1604221212070, "m": true, "M": true}, {"e": "aggTrade", "E": 1604221212157, "s": "BTCUSDT", "a": 408202559, "p": "13757.19000000", "q": "0.00525300", "f": 448745917, "l": 448745917, "T": 1604221212156, "m": false, "M": true}, {"e": "aggTrade", "E": 1604221212166, "s": "BTCUSDT", "a": 408202560, "p": "13757.18000000", "q": "0.00675600", "f": 448745918, "l": 448745918, "T": 1604221212163, "m": true, "M": true}, {"e": "aggTrade", "E": 1604221212243, "s": "BTCUSDT", "a": 408202561, "p": "13757.18000000", "q": "0.08453000", "f": 448745919, "l": 448745919, "T": 1604221212242, "m": true, "M": true}, {"e": "aggTrade", "E": 1604221212262, "s": "BTCUSDT", "a": 408202562, "p": "13757.19000000", "q": "0.06021900", "f": 448745920, "l": 448745920, "T": 1604221212261, "m": false, "M": true}, {"e": "aggTrade", "E": 1604221212357, "s": "BTCUSDT", "a": 408202563, "p": "13757.18000000", "q": "0.00999700", "f": 448745921, "l": 448745921, "T": 1604221212356, "m": true, "M": true}, {"e": "aggTrade", "E": 1604221212405, "s": "BTCUSDT", "a": 408202564, "p": "13757.19000000", "q": "0.00913000", "f": 448745922, "l": 448745922, "T": 1604221212404, "m": false, "M": true}, {"e": "aggTrade", "E": 1604221212460, "s": "BTCUSDT", "a": 408202565, "p": "13757.19000000", "q": "1.73439800", "f": 448745923, "l": 448745925, "T": 1604221212459, "m": false, "M": true}, {"e": "aggTrade", "E": 1604221212460, "s": "BTCUSDT", "a": 408202566, "p": "13757.50000000", "q": "0.00900000", "f": 448745926, "l": 448745926, "T": 1604221212459, "m": false, "M": true}, {"e": "aggTrade", "E": 1604221212460, "s": "BTCUSDT", "a": 408202567, "p": "13757.85000000", "q": "0.00900000", "f": 448745927, "l": 448745927, "T": 1604221212459, "m": false, "M": true}, {"e": "aggTrade", "E": 1604221212460, "s": "BTCUSDT", "a": 408202568, "p": "13758.07000000", "q": "0.00132500", "f": 448745928, "l": 448745928, "T": 1604221212459, "m": false, "M": true}, {"e": "aggTrade", "E": 1604221212460, "s": "BTCUSDT", "a": 408202569, "p": "13758.17000000", "q": "0.31970600", "f": 448745929, "l": 448745929, "T": 1604221212459, "m": false, "M": true}, {"e": "aggTrade", "E": 1604221212460, "s": "BTCUSDT", "a": 408202570, "p": "13758.18000000", "q": "0.24690500", "f": 448745930, "l": 448745930, "T": 1604221212459, "m": false, "M": true}, {"e": "aggTrade", "E": 1604221212500, "s": "BTCUSDT", "a": 408202571, "p": "13758.23000000", "q": "0.00911800", "f": 448745931, "l": 448745931, "T": 1604221212499, "m": true, "M": true}, {"e": "aggTrade", "E": 1604221212567, "s": "BTCUSDT", "a": 408202572, "p": "13758.23000000", "q": "0.08452500", "f": 448745932, "l": 448745932, "T": 1604221212566, "m": true, "M": true}, {"e": "aggTrade", "E": 1604221212639, "s": "BTCUSDT", "a": 408202573, "p": "13758.23000000", "q": "0.01000000", "f": 448745933, "l": 448745933, "T": 1604221212638, "m": true, "M": true}, {"e": "aggTrade", "E": 1604221212684, "s": "BTCUSDT", "a": 408202574, "p": "13758.23000000", "q": "0.02615600", "f": 448745934, "l": 448745934, "T": 1604221212683, "m": true, "M": true}, {"e": "aggTrade", "E": 1604221212700, "s": "BTCUSDT", "a": 408202575, "p": "13758.24000000", "q": "0.06166400", "f": 448745935, "l": 448745936, "T": 1604221212699, "m": false, "M": true}, {"e": "aggTrade", "E": 1604221212729, "s": "BTCUSDT", "a": 408202576, "p": "13758.24000000", "q": "0.00109100", "f": 448745937, "l": 448745937, "T": 1604221212728, "m": false, "M": true}, {"e": "aggTrade", "E": 1604221212774, "s": "BTCUSDT", "a": 408202577, "p": "13758.23000000", "q": "0.00530000", "f": 448745938, "l": 448745938, "T": 1604221212773, "m": true, "M": true}, {"e": "aggTrade", "E": 1604221213143, "s": "BTCUSDT", "a": 408202578, "p": "13758.24000000", "q": "0.06006300", "f": 448745939, "l": 448745939, "T": 1604221213142, "m": false, "M": true}, {"e": "aggTrade", "E": 1604221213558, "s": "BTCUSDT", "a": 408202579, "p": "13758.24000000", "q": "0.29120300", "f": 448745940, "l": 448745942, "T": 1604221213557, "m": false, "M": true}, {"e": "aggTrade", "E": 1604221213558, "s": "BTCUSDT", "a": 408202580, "p": "13758.59000000", "q": "0.00200000", "f": 448745943, "l": 448745943, "T": 1604221213557, "m": false, "M": true}, {"e": "aggTrade", "E": 1604221213558, "s": "BTCUSDT", "a": 408202581, "p": "13758.76000000", "q": "0.00900000", "f": 448745944, "l": 448745944, "T": 1604221213557, "m": false, "M": true}, {"e": "aggTrade", "E": 1604221213558, "s": "BTCUSDT", "a": 408202582, "p": "13758.92000000", "q": "0.01756400", "f": 448745945, "l": 448745945, "T": 1604221213557, "m": false, "M": true}, {"e": "aggTrade", "E": 1604221213558, "s": "BTCUSDT", "a": 408202583, "p": "13758.95000000", "q": "0.09000000", "f": 448745946, "l": 448745946, "T": 1604221213557, "m": false, "M": true}, {"e": "aggTrade", "E": 1604221213558, "s": "BTCUSDT", "a": 408202584, "p": "13758.96000000", "q": "1.93762800", "f": 448745947, "l": 448745947, "T": 1604221213557, "m": false, "M": true}, {"e": "aggTrade", "E": 1604221213570, "s": "BTCUSDT", "a": 408202585, "p": "13758.91000000", "q": "0.06011900", "f": 448745948, "l": 448745948, "T": 1604221213569, "m": false, "M": true}, {"e": "aggTrade", "E": 1604221213732, "s": "BTCUSDT", "a": 408202586, "p": "13758.59000000", "q": "0.00405600", "f": 448745949, "l": 448745949, "T": 1604221213731, "m": true, "M": true}, {"e": "aggTrade", "E": 1604221213833, "s": "BTCUSDT", "a": 408202587, "p": "13758.59000000", "q": "0.08767900", "f": 448745950, "l": 448745951, "T": 1604221213832, "m": true, "M": true}, {"e": "aggTrade", "E": 1604221213934, "s": "BTCUSDT", "a": 408202588, "p": "13758.59000000", "q": "0.02267000", "f": 448745952, "l": 448745952, "T": 1604221213933, "m": true, "M": true}, {"e": "aggTrade", "E": 1604221213966, "s": "BTCUSDT", "a": 408202589, "p": "13758.60000000", "q": "0.00406000", "f": 448745953, "l": 448745953, "T": 1604221213965, "m": false, "M": true}, {"e": "aggTrade", "E": 1604221214025, "s": "BTCUSDT", "a": 408202590, "p": "13758.60000000", "q": "0.06010900", "f": 448745954, "l": 448745955, "T": 1604221214024, "m": false, "M": true}, {"e": "aggTrade", "E": 1604221214463, "s": "BTCUSDT", "a": 408202591, "p": "13758.60000000", "q": "0.00400000", "f": 448745956, "l": 448745957, "T": 1604221214462, "m": false, "M": true}, {"e": "aggTrade", "E": 1604221214463, "s": "BTCUSDT", "a": 408202592, "p": "13758.95000000", "q": "0.05602000", "f": 448745958, "l": 448745958, "T": 1604221214462, "m": false, "M": true}, {"e": "aggTrade", "E": 1604221214675, "s": "BTCUSDT", "a": 408202593, "p": "13758.95000000", "q": "0.00400000", "f": 448745959, "l": 448745959, "T": 1604221214674, "m": false, "M": true}, {"e": "aggTrade", "E": 1604221214679, "s": "BTCUSDT", "a": 408202594, "p": "13758.95000000", "q": "0.03898000", "f": 448745960, "l": 448745961, "T": 1604221214678, "m": false, "M": true}, {"e": "aggTrade", "E": 1604221214702, "s": "BTCUSDT", "a": 408202595, "p": "13758.94000000", "q": "0.00139200", "f": 448745962, "l": 448745962, "T": 1604221214701, "m": true, "M": true}, {"e": "aggTrade", "E": 1604221214793, "s": "BTCUSDT", "a": 408202596, "p": "13758.94000000", "q": "0.03219700", "f": 448745963, "l": 448745963, "T": 1604221214792, "m": true, "M": true}, {"e": "aggTrade", "E": 1604221214915, "s": "BTCUSDT", "a": 408202597, "p": "13758.95000000", "q": "0.06021200", "f": 448745964, "l": 448745966, "T": 1604221214913, "m": false, "M": true}, {"e": "aggTrade", "E": 1604221215082, "s": "BTCUSDT", "a": 408202598, "p": "13758.95000000", "q": "0.02501500", "f": 448745967, "l": 448745967, "T": 1604221215081, "m": false, "M": true}, {"e": "aggTrade", "E": 1604221215123, "s": "BTCUSDT", "a": 408202599, "p": "13758.94000000", "q": "0.00362600", "f": 448745968, "l": 448745968, "T": 1604221215122, "m": true, "M": true}, {"e": "aggTrade", "E": 1604221215176, "s": "BTCUSDT", "a": 408202600, "p": "13758.95000000", "q": "0.00400000", "f": 448745969, "l": 448745969, "T": 1604221215175, "m": false, "M": true}, {"e": "aggTrade", "E": 1604221215251, "s": "BTCUSDT", "a": 408202601, "p": "13758.95000000", "q": "0.03166700", "f": 448745970, "l": 448745970, "T": 1604221215248, "m": false, "M": true}, {"e": "aggTrade", "E": 1604221215251, "s": "BTCUSDT", "a": 408202602, "p": "13758.96000000", "q": "0.06237200", "f": 448745971, "l": 448745971, "T": 1604221215248, "m": false, "M": true}, {"e": "aggTrade", "E": 1604221215251, "s": "BTCUSDT", "a": 408202603, "p": "13759.04000000", "q": "0.00900000", "f": 448745972, "l": 448745972, "T": 1604221215248, "m": false, "M": true}, {"e": "aggTrade", "E": 1604221215251, "s": "BTCUSDT", "a": 408202604, "p": "13759.40000000", "q": "0.00900000", "f": 448745973, "l": 448745973, "T": 1604221215248, "m": false, "M": true}, {"e": "aggTrade", "E": 1604221215257, "s": "BTCUSDT", "a": 408202605, "p": "13758.94000000", "q": "0.00087100", "f": 448745974, "l": 448745974, "T": 1604221215255, "m": true, "M": true}, {"e": "aggTrade", "E": 1604221215349, "s": "BTCUSDT", "a": 408202606, "p": "13759.57000000", "q": "0.01100000", "f": 448745975, "l": 448745976, "T": 1604221215347, "m": false, "M": true}, {"e": "aggTrade", "E": 1604221215349, "s": "BTCUSDT", "a": 408202607, "p": "13759.65000000", "q": "0.01696200", "f": 448745977, "l": 448745977, "T": 1604221215347, "m": false, "M": true}, {"e": "aggTrade", "E": 1604221215349, "s": "BTCUSDT", "a": 408202608, "p": "13759.99000000", "q": "0.03219800", "f": 448745978, "l": 448745978, "T": 1604221215347, "m": false, "M": true}, {"e": "aggTrade", "E": 1604221215349, "s": "BTCUSDT", "a": 408202609, "p": "13759.56000000", "q": "0.00949000", "f": 448745979, "l": 448745979, "T": 1604221215348, "m": true, "M": true}, {"e": "aggTrade", "E": 1604221215461, "s": "BTCUSDT", "a": 408202610, "p": "13759.98000000", "q": "0.01134100", "f": 448745980, "l": 448745980, "T": 1604221215460, "m": true, "M": true}, {"e": "aggTrade", "E": 1604221215532, "s": "BTCUSDT", "a": 408202611, "p": "13759.98000000", "q": "0.00311200", "f": 448745981, "l": 448745981, "T": 1604221215531, "m": true, "M": true}, {"e": "aggTrade", "E": 1604221215611, "s": "BTCUSDT", "a": 408202612, "p": "13759.99000000", "q": "0.00900000", "f": 448745982, "l": 448745982, "T": 1604221215610, "m": false, "M": true}, {"e": "aggTrade", "E": 1604221215686, "s": "BTCUSDT", "a": 408202613, "p": "13759.99000000", "q": "0.15000000", "f": 448745983, "l": 448745983, "T": 1604221215684, "m": false, "M": true}, {"e": "aggTrade", "E": 1604221215686, "s": "BTCUSDT", "a": 408202614, "p": "13760.00000000", "q": "0.04967000", "f": 448745984, "l": 448745984, "T": 1604221215684, "m": false, "M": true}, {"e": "aggTrade", "E": 1604221215804, "s": "BTCUSDT", "a": 408202615, "p": "13760.00000000", "q": "0.06006700", "f": 448745985, "l": 448745985, "T": 1604221215803, "m": false, "M": true}, {"e": "aggTrade", "E": 1604221216153, "s": "BTCUSDT", "a": 408202616, "p": "13759.99000000", "q": "0.00221600", "f": 448745986, "l": 448745986, "T": 1604221216152, "m": true, "M": true}, {"e": "aggTrade", "E": 1604221216265, "s": "BTCUSDT", "a": 408202617, "p": "13760.00000000", "q": "0.06008500", "f": 448745987, "l": 448745987, "T": 1604221216263, "m": false, "M": true}, {"e": "aggTrade", "E": 1604221216322, "s": "BTCUSDT", "a": 408202618, "p": "13760.00000000", "q": "0.00188100", "f": 448745988, "l": 448745988, "T": 1604221216321, "m": false, "M": true}, {"e": "aggTrade", "E": 1604221216401, "s": "BTCUSDT", "a": 408202619, "p": "13759.99000000", "q": "0.14086900", "f": 448745989, "l": 448745989, "T": 1604221216400, "m": true, "M": true}, {"e": "aggTrade", "E": 1604221216563, "s": "BTCUSDT", "a": 408202620, "p": "13760.00000000", "q": "0.02000000", "f": 448745990, "l": 448745990, "T": 1604221216562, "m": false, "M": true}, {"e": "aggTrade", "E": 1604221216682, "s": "BTCUSDT", "a": 408202621, "p": "13760.00000000", "q": "0.03862000", "f": 448745991, "l": 448745991, "T": 1604221216681, "m": false, "M": true}, {"e": "aggTrade", "E": 1604221216723, "s": "BTCUSDT", "a": 408202622, "p": "13760.00000000", "q": "0.06060800", "f": 448745992, "l": 448745992, "T": 1604221216722, "m": false, "M": true}, {"e": "aggTrade", "E": 1604221217008, "s": "BTCUSDT", "a": 408202623, "p": "13759.99000000", "q": "0.01460500", "f": 448745993, "l": 448745993, "T": 1604221217006, "m": true, "M": true}, {"e": "aggTrade", "E": 1604221217177, "s": "BTCUSDT", "a": 408202624, "p": "13760.00000000", "q": "0.06002700", "f": 448745994, "l": 448745994, "T": 1604221217176, "m": false, "M": true}, {"e": "aggTrade", "E": 1604221217267, "s": "BTCUSDT", "a": 408202625, "p": "13760.00000000", "q": "0.00164300", "f": 448745995, "l": 448745995, "T": 1604221217266, "m": false, "M": true}, {"e": "aggTrade", "E": 1604221217355, "s": "BTCUSDT", "a": 408202626, "p": "13760.00000000", "q": "0.02000000", "f": 448745996, "l": 448745996, "T": 1604221217354, "m": false, "M": true}, {"e": "aggTrade", "E": 1604221217611, "s": "BTCUSDT", "a": 408202627, "p": "13760.00000000", "q": "0.02000000", "f": 448745997, "l": 448745997, "T": 1604221217610, "m": false, "M": true}, {"e": "aggTrade", "E": 1604221217616, "s": "BTCUSDT", "a": 408202628, "p": "13760.00000000", "q": "0.06008000", "f": 448745998, "l": 448745998, "T": 1604221217614, "m": false, "M": true}, {"e": "aggTrade", "E": 1604221217629, "s": "BTCUSDT", "a": 408202629, "p": "13759.99000000", "q": "0.00949500", "f": 448745999, "l": 448745999, "T": 1604221217627, "m": true, "M": true}, {"e": "aggTrade", "E": 1604221217741, "s": "BTCUSDT", "a": 408202630, "p": "13760.00000000", "q": "0.00083800", "f": 448746000, "l": 448746000, "T": 1604221217739, "m": false, "M": true}, {"e": "aggTrade", "E": 1604221217774, "s": "BTCUSDT", "a": 408202631, "p": "13760.00000000", "q": "0.02000000", "f": 448746001, "l": 448746001, "T": 1604221217772, "m": false, "M": true}, {"e": "aggTrade", "E": 1604221218102, "s": "BTCUSDT", "a": 408202632, "p": "13759.99000000", "q": "0.01000000", "f": 448746002, "l": 448746002, "T": 1604221218101, "m": true, "M": true}, {"e": "aggTrade", "E": 1604221218308, "s": "BTCUSDT", "a": 408202633, "p": "13759.99000000", "q": "0.00106900", "f": 448746003, "l": 448746003, "T": 1604221218307, "m": true, "M": true}, {"e": "aggTrade", "E": 1604221218308, "s": "BTCUSDT", "a": 408202634, "p": "13760.00000000", "q": "0.13430100", "f": 448746004, "l": 448746006, "T": 1604221218307, "m": false, "M": true}, {"e": "aggTrade", "E": 1604221218620, "s": "BTCUSDT", "a": 408202635, "p": "13759.99000000", "q": "0.00147400", "f": 448746007, "l": 448746007, "T": 1604221218619, "m": true, "M": true}, {"e": "aggTrade", "E": 1604221218914, "s": "BTCUSDT", "a": 408202636, "p": "13759.99000000", "q": "0.05487200", "f": 448746008, "l": 448746014, "T": 1604221218913, "m": true, "M": true}, {"e": "aggTrade", "E": 1604221218998, "s": "BTCUSDT", "a": 408202637, "p": "13759.99000000", "q": "0.00643900", "f": 448746015, "l": 448746015, "T": 1604221218996, "m": true, "M": true}, {"e": "aggTrade", "E": 1604221219193, "s": "BTCUSDT", "a": 408202638, "p": "13759.99000000", "q": "0.23771000", "f": 448746016, "l": 448746048, "T": 1604221219192, "m": true, "M": true}, {"e": "aggTrade", "E": 1604221219209, "s": "BTCUSDT", "a": 408202639, "p": "13759.99000000", "q": "0.00643600", "f": 448746049, "l": 448746050, "T": 1604221219208, "m": true, "M": true}, {"e": "aggTrade", "E": 1604221219235, "s": "BTCUSDT", "a": 408202640, "p": "13759.77000000", "q": "0.00900000", "f": 448746051, "l": 448746051, "T": 1604221219234, "m": true, "M": true}, {"e": "aggTrade", "E": 1604221219381, "s": "BTCUSDT", "a": 408202641, "p": "13759.26000000", "q": "0.00219500", "f": 448746052, "l": 448746052, "T": 1604221219378, "m": false, "M": true}, {"e": "aggTrade", "E": 1604221219381, "s": "BTCUSDT", "a": 408202642, "p": "13759.26000000", "q": "0.00219500", "f": 448746053, "l": 448746053, "T": 1604221219378, "m": false, "M": true}, {"e": "aggTrade", "E": 1604221219383, "s": "BTCUSDT", "a": 408202643, "p": "13759.26000000", "q": "0.00219500", "f": 448746054, "l": 448746054, "T": 1604221219379, "m": false, "M": true}, {"e": "aggTrade", "E": 1604221219385, "s": "BTCUSDT", "a": 408202644, "p": "13759.26000000", "q": "0.00219500", "f": 448746055, "l": 448746055, "T": 1604221219379, "m": false, "M": true}, {"e": "aggTrade", "E": 1604221219387, "s": "BTCUSDT", "a": 408202645, "p": "13759.26000000", "q": "0.00219500", "f": 448746056, "l": 448746056, "T": 1604221219380, "m": false, "M": true}, {"e": "aggTrade", "E": 1604221219388, "s": "BTCUSDT", "a": 408202646, "p": "13759.26000000", "q": "0.00219500", "f": 448746057, "l": 448746057, "T": 1604221219380, "m": false, "M": true}, {"e": "aggTrade", "E": 1604221219389, "s": "BTCUSDT", "a": 408202647, "p": "13759.26000000", "q": "0.00219500", "f": 448746058, "l": 448746058, "T": 1604221219381, "m": false, "M": true}, {"e": "aggTrade", "E": 1604221219391, "s": "BTCUSDT", "a": 408202648, "p": "13759.26000000", "q": "0.00219500", "f": 448746059, "l": 448746059, "T": 1604221219382, "m": false, "M": true}, {"e": "aggTrade", "E": 1604221219392, "s": "BTCUSDT", "a": 408202649, "p": "13759.26000000", "q": "0.00219500", "f": 448746060, "l": 448746060, "T": 1604221219382, "m": false, "M": true}, {"e": "aggTrade", "E": 1604221219392, "s": "BTCUSDT", "a": 408202650, "p": "13759.26000000", "q": "0.00219500", "f": 448746061, "l": 448746061, "T": 1604221219382, "m": false, "M": true}, {"e": "aggTrade", "E": 1604221219393, "s": "BTCUSDT", "a": 408202651, "p": "13759.26000000", "q": "0.00219500", "f": 448746062, "l": 448746062, "T": 1604221219383, "m": false, "M": true}, {"e": "aggTrade", "E": 1604221219394, "s": "BTCUSDT", "a": 408202652, "p": "13759.26000000", "q": "0.00219500", "f": 448746063, "l": 448746063, "T": 1604221219383, "m": false, "M": true}, {"e": "aggTrade", "E": 1604221219394, "s": "BTCUSDT", "a": 408202653, "p": "13759.26000000", "q": "0.00219500", "f": 448746064, "l": 448746064, "T": 1604221219383, "m": false, "M": true}, {"e": "aggTrade", "E": 1604221219395, "s": "BTCUSDT", "a": 408202654, "p": "13759.26000000", "q": "0.00219500", "f": 448746065, "l": 448746065, "T": 1604221219383, "m": false, "M": true}, {"e": "aggTrade", "E": 1604221219396, "s": "BTCUSDT", "a": 408202655, "p": "13759.26000000", "q": "0.00219500", "f": 448746066, "l": 448746066, "T": 1604221219383, "m": false, "M": true}, {"e": "aggTrade", "E": 1604221219396, "s": "BTCUSDT", "a": 408202656, "p": "13759.26000000", "q": "0.00219500", "f": 448746067, "l": 448746067, "T": 1604221219383, "m": false, "M": true}, {"e": "aggTrade", "E": 1604221219397, "s": "BTCUSDT", "a": 408202657, "p": "13759.26000000", "q": "0.00219500", "f": 448746068, "l": 448746068, "T": 1604221219384, "m": false, "M": true}, {"e": "aggTrade", "E": 1604221219397, "s": "BTCUSDT", "a": 408202658, "p": "13759.26000000", "q": "0.00219500", "f": 448746069, "l": 448746069, "T": 1604221219384, "m": false, "M": true}, {"e": "aggTrade", "E": 1604221219398, "s": "BTCUSDT", "a": 408202659, "p": "13759.26000000", "q": "0.00219500", "f": 448746070, "l": 448746070, "T": 1604221219384, "m": false, "M": true}, {"e": "aggTrade", "E": 1604221219398, "s": "BTCUSDT", "a": 408202660, "p": "13759.26000000", "q": "0.00219500", "f": 448746071, "l": 448746071, "T": 1604221219384, "m": false, "M": true}, {"e": "aggTrade", "E": 1604221219399, "s": "BTCUSDT", "a": 408202661, "p": "13759.26000000", "q": "0.00219500", "f": 448746072, "l": 448746072, "T": 1604221219385, "m": false, "M": true}, {"e": "aggTrade", "E": 1604221219400, "s": "BTCUSDT", "a": 408202662, "p": "13759.26000000", "q": "0.00219500", "f": 448746073, "l": 448746073, "T": 1604221219385, "m": false, "M": true}, {"e": "aggTrade", "E": 1604221219401, "s": "BTCUSDT", "a": 408202663, "p": "13759.26000000", "q": "0.00219500", "f": 448746074, "l": 448746074, "T": 1604221219385, "m": false, "M": true}, {"e": "aggTrade", "E": 1604221219402, "s": "BTCUSDT", "a": 408202664, "p": "13759.26000000", "q": "0.00219500", "f": 448746075, "l": 448746075, "T": 1604221219385, "m": false, "M": true}, {"e": "aggTrade", "E": 1604221219402, "s": "BTCUSDT", "a": 408202665, "p": "13759.26000000", "q": "0.00219500", "f": 448746076, "l": 448746076, "T": 1604221219385, "m": false, "M": true}, {"e": "aggTrade", "E": 1604221219402, "s": "BTCUSDT", "a": 408202666, "p": "13759.26000000", "q": "0.00219500", "f": 448746077, "l": 448746077, "T": 1604221219386, "m": false, "M": true}, {"e": "aggTrade", "E": 1604221219403, "s": "BTCUSDT", "a": 408202667, "p": "13759.26000000", "q": "0.00219500", "f": 448746078, "l": 448746078, "T": 1604221219386, "m": false, "M": true}, {"e": "aggTrade", "E": 1604221219403, "s": "BTCUSDT", "a": 408202668, "p": "13759.26000000", "q": "0.00219500", "f": 448746079, "l": 448746079, "T": 1604221219386, "m": false, "M": true}, {"e": "aggTrade", "E": 1604221219403, "s": "BTCUSDT", "a": 408202669, "p": "13759.26000000", "q": "0.00219500", "f": 448746080, "l": 448746080, "T": 1604221219386, "m": false, "M": true}, {"e": "aggTrade", "E": 1604221219403, "s": "BTCUSDT", "a": 408202670, "p": "13759.26000000", "q": "0.00219500", "f": 448746081, "l": 448746081, "T": 1604221219386, "m": false, "M": true}, {"e": "aggTrade", "E": 1604221219405, "s": "BTCUSDT", "a": 408202671, "p": "13759.26000000", "q": "0.00219500", "f": 448746082, "l": 448746082, "T": 1604221219387, "m": false, "M": true}, {"e": "aggTrade", "E": 1604221219406, "s": "BTCUSDT", "a": 408202672, "p": "13759.26000000", "q": "0.00219500", "f": 448746083, "l": 448746083, "T": 1604221219389, "m": false, "M": true}, {"e": "aggTrade", "E": 1604221219406, "s": "BTCUSDT", "a": 408202673, "p": "13759.26000000", "q": "0.00219500", "f": 448746084, "l": 448746084, "T": 1604221219389, "m": false, "M": true}, {"e": "aggTrade", "E": 1604221219407, "s": "BTCUSDT", "a": 408202674, "p": "13759.26000000", "q": "0.00219500", "f": 448746085, "l": 448746085, "T": 1604221219390, "m": false, "M": true}, {"e": "aggTrade", "E": 1604221219419, "s": "BTCUSDT", "a": 408202675, "p": "13759.25000000", "q": "0.01800000", "f": 448746086, "l": 448746087, "T": 1604221219418, "m": true, "M": true}, {"e": "aggTrade", "E": 1604221219419, "s": "BTCUSDT", "a": 408202676, "p": "13758.77000000", "q": "0.00900000", "f": 448746088, "l": 448746088, "T": 1604221219418, "m": true, "M": true}, {"e": "aggTrade", "E": 1604221219419, "s": "BTCUSDT", "a": 408202677, "p": "13758.75000000", "q": "0.01000000", "f": 448746089, "l": 448746089, "T": 1604221219418, "m": true, "M": true}, {"e": "aggTrade", "E": 1604221219419, "s": "BTCUSDT", "a": 408202678, "p": "13758.60000000", "q": "0.00727300", "f": 448746090, "l": 448746090, "T": 1604221219418, "m": true, "M": true}, {"e": "aggTrade", "E": 1604221219419, "s": "BTCUSDT", "a": 408202679, "p": "13758.40000000", "q": "0.00400000", "f": 448746091, "l": 448746092, "T": 1604221219418, "m": true, "M": true}, {"e": "aggTrade", "E": 1604221219419, "s": "BTCUSDT", "a": 408202680, "p": "13757.87000000", "q": "0.00200000", "f": 448746093, "l": 448746093, "T": 1604221219418, "m": true, "M": true}, {"e": "aggTrade", "E": 1604221219419, "s": "BTCUSDT", "a": 408202681, "p": "13757.86000000", "q": "0.02227900", "f": 448746094, "l": 448746094, "T": 1604221219418, "m": true, "M": true}, {"e": "aggTrade", "E": 1604221219474, "s": "BTCUSDT", "a": 408202682, "p": "13757.87000000", "q": "0.02909900", "f": 448746095, "l": 448746095, "T": 1604221219473, "m": false, "M": true}, {"e": "aggTrade", "E": 1604221219480, "s": "BTCUSDT", "a": 408202683, "p": "13757.87000000", "q": "0.07220100", "f": 448746096, "l": 448746096, "T": 1604221219478, "m": false, "M": true}, {"e": "aggTrade", "E": 1604221219512, "s": "BTCUSDT", "a": 408202684, "p": "13757.87000000", "q": "0.46272900", "f": 448746097, "l": 448746098, "T": 1604221219511, "m": false, "M": true}, {"e": "aggTrade", "E": 1604221219621, "s": "BTCUSDT", "a": 408202685, "p": "13757.87000000", "q": "0.49660400", "f": 448746099, "l": 448746099, "T": 1604221219619, "m": false, "M": true}, {"e": "aggTrade", "E": 1604221219728, "s": "BTCUSDT", "a": 408202686, "p": "13757.87000000", "q": "0.49157400", "f": 448746100, "l": 448746100, "T": 1604221219726, "m": false, "M": true}, {"e": "aggTrade", "E": 1604221219748, "s": "BTCUSDT", "a": 408202687, "p": "13757.87000000", "q": "0.28256600", "f": 448746101, "l": 448746101, "T": 1604221219747, "m": false, "M": true}, {"e": "aggTrade", "E": 1604221219827, "s": "BTCUSDT", "a": 408202688, "p": "13757.87000000", "q": "0.00502600", "f": 448746102, "l": 448746102, "T": 1604221219826, "m": false, "M": true}, {"e": "aggTrade", "E": 1604221219937, "s": "BTCUSDT", "a": 408202689, "p": "13757.87000000", "q": "0.01206500", "f": 448746103, "l": 448746103, "T": 1604221219935, "m": false, "M": true}, {"e": "aggTrade", "E": 1604221220048, "s": "BTCUSDT", "a": 408202690, "p": "13757.87000000", "q": "0.00400000", "f": 448746104, "l": 448746104, "T": 1604221220046, "m": false, "M": true}, {"e": "aggTrade", "E": 1604221220058, "s": "BTCUSDT", "a": 408202691, "p": "13757.86000000", "q": "0.01478800", "f": 448746105, "l": 448746105, "T": 1604221220057, "m": true, "M": true}, {"e": "aggTrade", "E": 1604221220188, "s": "BTCUSDT", "a": 408202692, "p": "13757.87000000", "q": "0.00281800", "f": 448746106, "l": 448746106, "T": 1604221220187, "m": false, "M": true}, {"e": "aggTrade", "E": 1604221220206, "s": "BTCUSDT", "a": 408202693, "p": "13757.87000000", "q": "0.06032200", "f": 448746107, "l": 448746107, "T": 1604221220205, "m": false, "M": true}, {"e": "aggTrade", "E": 1604221220665, "s": "BTCUSDT", "a": 408202694, "p": "13757.87000000", "q": "0.06015100", "f": 448746108, "l": 448746108, "T": 1604221220664, "m": false, "M": true}, {"e": "aggTrade", "E": 1604221221124, "s": "BTCUSDT", "a": 408202695, "p": "13757.87000000", "q": "0.06002500", "f": 448746109, "l": 448746109, "T": 1604221221122, "m": false, "M": true}, {"e": "aggTrade", "E": 1604221221587, "s": "BTCUSDT", "a": 408202696, "p": "13757.87000000", "q": "0.06018400", "f": 448746110, "l": 448746110, "T": 1604221221586, "m": false, "M": true}, {"e": "aggTrade", "E": 1604221221820, "s": "BTCUSDT", "a": 408202697, "p": "13757.87000000", "q": "0.00269500", "f": 448746111, "l": 448746111, "T": 1604221221819, "m": false, "M": true}, {"e": "aggTrade", "E": 1604221222051, "s": "BTCUSDT", "a": 408202698, "p": "13757.87000000", "q": "0.06026200", "f": 448746112, "l": 448746112, "T": 1604221222050, "m": false, "M": true}, {"e": "aggTrade", "E": 1604221222510, "s": "BTCUSDT", "a": 408202699, "p": "13757.87000000", "q": "0.03629700", "f": 448746113, "l": 448746114, "T": 1604221222509, "m": false, "M": true}, {"e": "aggTrade", "E": 1604221222510, "s": "BTCUSDT", "a": 408202700, "p": "13758.14000000", "q": "0.02384200", "f": 448746115, "l": 448746115, "T": 1604221222509, "m": false, "M": true}, {"e": "aggTrade", "E": 1604221222529, "s": "BTCUSDT", "a": 408202701, "p": "13758.13000000", "q": "0.02500500", "f": 448746116, "l": 448746116, "T": 1604221222528, "m": true, "M": true}, {"e": "aggTrade", "E": 1604221224114, "s": "BTCUSDT", "a": 408202702, "p": "13758.14000000", "q": "0.00758800", "f": 448746117, "l": 448746117, "T": 1604221224113, "m": false, "M": true}, {"e": "aggTrade", "E": 1604221224259, "s": "BTCUSDT", "a": 408202703, "p": "13758.14000000", "q": "0.04553200", "f": 448746118, "l": 448746120, "T": 1604221224257, "m": false, "M": true}, {"e": "aggTrade", "E": 1604221224259, "s": "BTCUSDT", "a": 408202704, "p": "13758.15000000", "q": "0.19527000", "f": 448746121, "l": 448746121, "T": 1604221224257, "m": false, "M": true}, {"e": "aggTrade", "E": 1604221224909, "s": "BTCUSDT", "a": 408202705, "p": "13758.14000000", "q": "0.07922600", "f": 448746122, "l": 448746122, "T": 1604221224908, "m": false, "M": true}, {"e": "aggTrade", "E": 1604221224909, "s": "BTCUSDT", "a": 408202706, "p": "13758.15000000", "q": "0.01098300", "f": 448746123, "l": 448746123, "T": 1604221224908, "m": false, "M": true}, {"e": "aggTrade", "E": 1604221225009, "s": "BTCUSDT", "a": 408202707, "p": "13758.14000000", "q": "0.02351000", "f": 448746124, "l": 448746124, "T": 1604221225007, "m": true, "M": true}, {"e": "aggTrade", "E": 1604221225347, "s": "BTCUSDT", "a": 408202708, "p": "13758.15000000", "q": "0.04374700", "f": 448746125, "l": 448746125, "T": 1604221225346, "m": false, "M": true}, {"e": "aggTrade", "E": 1604221225347, "s": "BTCUSDT", "a": 408202709, "p": "13758.23000000", "q": "0.01357000", "f": 448746126, "l": 448746126, "T": 1604221225346, "m": false, "M": true}, {"e": "aggTrade", "E": 1604221225347, "s": "BTCUSDT", "a": 408202710, "p": "13758.57000000", "q": "0.00274300", "f": 448746127, "l": 448746127, "T": 1604221225346, "m": false, "M": true}, {"e": "aggTrade", "E": 1604221225845, "s": "BTCUSDT", "a": 408202711, "p": "13758.35000000", "q": "0.00900000", "f": 448746128, "l": 448746128, "T": 1604221225844, "m": true, "M": true}, {"e": "aggTrade", "E": 1604221225845, "s": "BTCUSDT", "a": 408202712, "p": "13758.13000000", "q": "0.02400000", "f": 448746129, "l": 448746132, "T": 1604221225844, "m": true, "M": true}, {"e": "aggTrade", "E": 1604221225845, "s": "BTCUSDT", "a": 408202713, "p": "13758.09000000", "q": "0.04268700", "f": 448746133, "l": 448746133, "T": 1604221225844, "m": true, "M": true}, {"e": "aggTrade", "E": 1604221225856, "s": "BTCUSDT", "a": 408202714, "p": "13758.09000000", "q": "0.00731300", "f": 448746134, "l": 448746134, "T": 1604221225855, "m": true, "M": true}, {"e": "aggTrade", "E": 1604221225856, "s": "BTCUSDT", "a": 408202715, "p": "13758.00000000", "q": "0.00900000", "f": 448746135, "l": 448746135, "T": 1604221225855, "m": true, "M": true}, {"e": "aggTrade", "E": 1604221225856, "s": "BTCUSDT", "a": 408202716, "p": "13757.94000000", "q": "0.00200000", "f": 448746136, "l": 448746136, "T": 1604221225855, "m": true, "M": true}, {"e": "aggTrade", "E": 1604221225856, "s": "BTCUSDT", "a": 408202717, "p": "13757.86000000", "q": "0.07193300", "f": 448746137, "l": 448746138, "T": 1604221225855, "m": true, "M": true}, {"e": "aggTrade", "E": 1604221225900, "s": "BTCUSDT", "a": 408202718, "p": "13757.72000000", "q": "0.00919500", "f": 448746139, "l": 448746139, "T": 1604221225899, "m": false, "M": true}, {"e": "aggTrade", "E": 1604221225965, "s": "BTCUSDT", "a": 408202719, "p": "13757.72000000", "q": "0.00084800", "f": 448746140, "l": 448746140, "T": 1604221225964, "m": false, "M": true}, {"e": "aggTrade", "E": 1604221226025, "s": "BTCUSDT", "a": 408202720, "p": "13757.71000000", "q": "0.01162900", "f": 448746141, "l": 448746142, "T": 1604221226024, "m": true, "M": true}, {"e": "aggTrade", "E": 1604221226035, "s": "BTCUSDT", "a": 408202721, "p": "13757.71000000", "q": "0.00251000", "f": 448746143, "l": 448746143, "T": 1604221226034, "m": true, "M": true}, {"e": "aggTrade", "E": 1604221226255, "s": "BTCUSDT", "a": 408202722, "p": "13757.71000000", "q": "0.00233700", "f": 448746144, "l": 448746144, "T": 1604221226254, "m": true, "M": true}, {"e": "aggTrade", "E": 1604221226986, "s": "BTCUSDT", "a": 408202723, "p": "13757.71000000", "q": "0.00152400", "f": 448746145, "l": 448746145, "T": 1604221226985, "m": true, "M": true}, {"e": "aggTrade", "E": 1604221226986, "s": "BTCUSDT", "a": 408202724, "p": "13757.67000000", "q": "0.00200000", "f": 448746146, "l": 448746146, "T": 1604221226985, "m": true, "M": true}, {"e": "aggTrade", "E": 1604221226986, "s": "BTCUSDT", "a": 408202725, "p": "13757.18000000", "q": "0.00277800", "f": 448746147, "l": 448746147, "T": 1604221226985, "m": true, "M": true}, {"e": "aggTrade", "E": 1604221227006, "s": "BTCUSDT", "a": 408202726, "p": "13757.19000000", "q": "0.21750800", "f": 448746148, "l": 448746148, "T": 1604221227005, "m": false, "M": true}, {"e": "aggTrade", "E": 1604221227069, "s": "BTCUSDT", "a": 408202727, "p": "13757.19000000", "q": "0.00800000", "f": 448746149, "l": 448746149, "T": 1604221227068, "m": false, "M": true}, {"e": "aggTrade", "E": 1604221227173, "s": "BTCUSDT", "a": 408202728, "p": "13757.19000000", "q": "0.00800000", "f": 448746150, "l": 448746150, "T": 1604221227172, "m": false, "M": true}, {"e": "aggTrade", "E": 1604221227468, "s": "BTCUSDT", "a": 408202729, "p": "13757.19000000", "q": "0.06029900", "f": 448746151, "l": 448746151, "T": 1604221227467, "m": false, "M": true}, {"e": "aggTrade", "E": 1604221227775, "s": "BTCUSDT", "a": 408202730, "p": "13757.19000000", "q": "0.10110700", "f": 448746152, "l": 448746152, "T": 1604221227774, "m": false, "M": true}, {"e": "aggTrade", "E": 1604221227922, "s": "BTCUSDT", "a": 408202731, "p": "13757.19000000", "q": "0.06032400", "f": 448746153, "l": 448746153, "T": 1604221227921, "m": false, "M": true}, {"e": "aggTrade", "E": 1604221228264, "s": "BTCUSDT", "a": 408202732, "p": "13757.18000000", "q": "0.01188300", "f": 448746154, "l": 448746155, "T": 1604221228262, "m": true, "M": true}, {"e": "aggTrade", "E": 1604221228388, "s": "BTCUSDT", "a": 408202733, "p": "13757.19000000", "q": "0.06028800", "f": 448746156, "l": 448746156, "T": 1604221228387, "m": false, "M": true}, {"e": "aggTrade", "E": 1604221228823, "s": "BTCUSDT", "a": 408202734, "p": "13757.19000000", "q": "3.13100000", "f": 448746157, "l": 448746158, "T": 1604221228822, "m": false, "M": true}, {"e": "aggTrade", "E": 1604221228840, "s": "BTCUSDT", "a": 408202735, "p": "13757.19000000", "q": "0.06239200", "f": 448746159, "l": 448746159, "T": 1604221228839, "m": false, "M": true}, {"e": "aggTrade", "E": 1604221228858, "s": "BTCUSDT", "a": 408202736, "p": "13757.19000000", "q": "0.39900000", "f": 448746160, "l": 448746161, "T": 1604221228857, "m": false, "M": true}, {"e": "aggTrade", "E": 1604221228864, "s": "BTCUSDT", "a": 408202737, "p": "13757.19000000", "q": "0.36100000", "f": 448746162, "l": 448746162, "T": 1604221228863, "m": false, "M": true}, {"e": "aggTrade", "E": 1604221228867, "s": "BTCUSDT", "a": 408202738, "p": "13757.27000000", "q": "0.05343000", "f": 448746163, "l": 448746163, "T": 1604221228866, "m": false, "M": true}, {"e": "aggTrade", "E": 1604221229263, "s": "BTCUSDT", "a": 408202739, "p": "13757.46000000", "q": "0.01800000", "f": 448746164, "l": 448746165, "T": 1604221229261, "m": false, "M": true}, {"e": "aggTrade", "E": 1604221229263, "s": "BTCUSDT", "a": 408202740, "p": "13757.86000000", "q": "0.04208200", "f": 448746166, "l": 448746166, "T": 1604221229261, "m": false, "M": true}, {"e": "aggTrade", "E": 1604221229281, "s": "BTCUSDT", "a": 408202741, "p": "13757.85000000", "q": "0.05340900", "f": 448746167, "l": 448746167, "T": 1604221229280, "m": true, "M": true}, {"e": "aggTrade", "E": 1604221229696, "s": "BTCUSDT", "a": 408202742, "p": "13757.86000000", "q": "0.06038100", "f": 448746168, "l": 448746168, "T": 1604221229695, "m": false, "M": true}, {"e": "aggTrade", "E": 1604221230124, "s": "BTCUSDT", "a": 408202743, "p": "13757.86000000", "q": "0.06017100", "f": 448746169, "l": 448746169, "T": 1604221230123, "m": false, "M": true}, {"e": "aggTrade", "E": 1604221230480, "s": "BTCUSDT", "a": 408202744, "p": "13757.85000000", "q": "0.17019100", "f": 448746170, "l": 448746170, "T": 1604221230479, "m": true, "M": true}, {"e": "aggTrade", "E": 1604221230559, "s": "BTCUSDT", "a": 408202745, "p": "13757.86000000", "q": "0.06075400", "f": 448746171, "l": 448746171, "T": 1604221230558, "m": false, "M": true}, {"e": "aggTrade", "E": 1604221230988, "s": "BTCUSDT", "a": 408202746, "p": "13757.86000000", "q": "0.06020800", "f": 448746172, "l": 448746172, "T": 1604221230987, "m": false, "M": true}, {"e": "aggTrade", "E": 1604221231423, "s": "BTCUSDT", "a": 408202747, "p": "13757.86000000", "q": "0.06030000", "f": 448746173, "l": 448746173, "T": 1604221231422, "m": false, "M": true}, {"e": "aggTrade", "E": 1604221231854, "s": "BTCUSDT", "a": 408202748, "p": "13757.86000000", "q": "0.06046200", "f": 448746174, "l": 448746174, "T": 1604221231853, "m": false, "M": true}, {"e": "aggTrade", "E": 1604221232320, "s": "BTCUSDT", "a": 408202749, "p": "13757.86000000", "q": "0.06083000", "f": 448746175, "l": 448746175, "T": 1604221232319, "m": false, "M": true}, {"e": "aggTrade", "E": 1604221232781, "s": "BTCUSDT", "a": 408202750, "p": "13757.86000000", "q": "0.06031500", "f": 448746176, "l": 448746176, "T": 1604221232781, "m": false, "M": true}, {"e": "aggTrade", "E": 1604221233115, "s": "BTCUSDT", "a": 408202751, "p": "13757.85000000", "q": "2.36000000", "f": 448746177, "l": 448746180, "T": 1604221233114, "m": true, "M": true}, {"e": "aggTrade", "E": 1604221233243, "s": "BTCUSDT", "a": 408202752, "p": "13757.86000000", "q": "0.06034900", "f": 448746181, "l": 448746181, "T": 1604221233242, "m": false, "M": true}, {"e": "aggTrade", "E": 1604221233758, "s": "BTCUSDT", "a": 408202753, "p": "13757.65000000", "q": "0.01800000", "f": 448746182, "l": 448746183, "T": 1604221233757, "m": true, "M": true}, {"e": "aggTrade", "E": 1604221233811, "s": "BTCUSDT", "a": 408202754, "p": "13757.22000000", "q": "0.00900000", "f": 448746184, "l": 448746184, "T": 1604221233810, "m": true, "M": true}, {"e": "aggTrade", "E": 1604221233811, "s": "BTCUSDT", "a": 408202755, "p": "13757.18000000", "q": "0.00333900", "f": 448746185, "l": 448746185, "T": 1604221233810, "m": true, "M": true}, {"e": "aggTrade", "E": 1604221233811, "s": "BTCUSDT", "a": 408202756, "p": "13756.99000000", "q": "0.01000000", "f": 448746186, "l": 448746186, "T": 1604221233810, "m": true, "M": true}, {"e": "aggTrade", "E": 1604221233952, "s": "BTCUSDT", "a": 408202757, "p": "13756.32000000", "q": "0.00253800", "f": 448746187, "l": 448746187, "T": 1604221233951, "m": false, "M": true}, {"e": "aggTrade", "E": 1604221233960, "s": "BTCUSDT", "a": 408202758, "p": "13756.32000000", "q": "0.03771700", "f": 448746188, "l": 448746188, "T": 1604221233958, "m": false, "M": true}, {"e": "aggTrade", "E": 1604221234011, "s": "BTCUSDT", "a": 408202759, "p": "13756.31000000", "q": "0.01045300", "f": 448746189, "l": 448746190, "T": 1604221234010, "m": true, "M": true}, {"e": "aggTrade", "E": 1604221234011, "s": "BTCUSDT", "a": 408202760, "p": "13756.30000000", "q": "0.00900000", "f": 448746191, "l": 448746191, "T": 1604221234010, "m": true, "M": true}, {"e": "aggTrade", "E": 1604221234011, "s": "BTCUSDT", "a": 408202761, "p": "13756.11000000", "q": "0.00200000", "f": 448746192, "l": 448746192, "T": 1604221234010, "m": true, "M": true}, {"e": "aggTrade", "E": 1604221234029, "s": "BTCUSDT", "a": 408202762, "p": "13755.09000000", "q": "0.10343200", "f": 448746193, "l": 448746194, "T": 1604221234028, "m": false, "M": true}, {"e": "aggTrade", "E": 1604221234152, "s": "BTCUSDT", "a": 408202763, "p": "13755.09000000", "q": "0.18000000", "f": 448746195, "l": 448746195, "T": 1604221234149, "m": false, "M": true}, {"e": "aggTrade", "E": 1604221234169, "s": "BTCUSDT", "a": 408202764, "p": "13755.09000000", "q": "0.00080100", "f": 448746196, "l": 448746196, "T": 1604221234167, "m": false, "M": true}, {"e": "aggTrade", "E": 1604221234266, "s": "BTCUSDT", "a": 408202765, "p": "13755.09000000", "q": "0.02800000", "f": 448746197, "l": 448746197, "T": 1604221234264, "m": false, "M": true}, {"e": "aggTrade", "E": 1604221234366, "s": "BTCUSDT", "a": 408202766, "p": "13755.09000000", "q": "0.00400000", "f": 448746198, "l": 448746198, "T": 1604221234364, "m": false, "M": true}, {"e": "aggTrade", "E": 1604221234469, "s": "BTCUSDT", "a": 408202767, "p": "13755.09000000", "q": "0.06000200", "f": 448746199, "l": 448746199, "T": 1604221234468, "m": false, "M": true}, {"e": "aggTrade", "E": 1604221234911, "s": "BTCUSDT", "a": 408202768, "p": "13755.09000000", "q": "0.06081000", "f": 448746200, "l": 448746200, "T": 1604221234910, "m": false, "M": true}, {"e": "aggTrade", "E": 1604221235351, "s": "BTCUSDT", "a": 408202769, "p": "13755.09000000", "q": "0.06026000", "f": 448746201, "l": 448746201, "T": 1604221235350, "m": false, "M": true}, {"e": "aggTrade", "E": 1604221235426, "s": "BTCUSDT", "a": 408202770, "p": "13755.09000000", "q": "4.75546700", "f": 448746202, "l": 448746204, "T": 1604221235424, "m": false, "M": true}, {"e": "aggTrade", "E": 1604221235798, "s": "BTCUSDT", "a": 408202771, "p": "13755.09000000", "q": "0.06010200", "f": 448746205, "l": 448746205, "T": 1604221235797, "m": false, "M": true}, {"e": "aggTrade", "E": 1604221236236, "s": "BTCUSDT", "a": 408202772, "p": "13755.09000000", "q": "0.06056600", "f": 448746206, "l": 448746206, "T": 1604221236235, "m": false, "M": true}, {"e": "aggTrade", "E": 1604221236676, "s": "BTCUSDT", "a": 408202773, "p": "13755.09000000", "q": "0.06009900", "f": 448746207, "l": 448746207, "T": 1604221236675, "m": false, "M": true}, {"e": "aggTrade", "E": 1604221237123, "s": "BTCUSDT", "a": 408202774, "p": "13755.09000000", "q": "0.06016900", "f": 448746208, "l": 448746208, "T": 1604221237121, "m": false, "M": true}, {"e": "aggTrade", "E": 1604221237123, "s": "BTCUSDT", "a": 408202775, "p": "13755.09000000", "q": "0.00198400", "f": 448746209, "l": 448746209, "T": 1604221237122, "m": false, "M": true}, {"e": "aggTrade", "E": 1604221237562, "s": "BTCUSDT", "a": 408202776, "p": "13755.09000000", "q": "0.06009900", "f": 448746210, "l": 448746210, "T": 1604221237561, "m": false, "M": true}, {"e": "aggTrade", "E": 1604221237816, "s": "BTCUSDT", "a": 408202777, "p": "13755.09000000", "q": "0.00359100", "f": 448746211, "l": 448746211, "T": 1604221237815, "m": false, "M": true}, {"e": "aggTrade", "E": 1604221238013, "s": "BTCUSDT", "a": 408202778, "p": "13755.09000000", "q": "0.06115600", "f": 448746212, "l": 448746212, "T": 1604221238011, "m": false, "M": true}, {"e": "aggTrade", "E": 1604221238448, "s": "BTCUSDT", "a": 408202779, "p": "13755.09000000", "q": "0.06000900", "f": 448746213, "l": 448746213, "T": 1604221238447, "m": false, "M": true}, {"e": "aggTrade", "E": 1604221238556, "s": "BTCUSDT", "a": 408202780, "p": "13755.09000000", "q": "0.00472700", "f": 448746214, "l": 448746214, "T": 1604221238555, "m": false, "M": true}, {"e": "aggTrade", "E": 1604221238894, "s": "BTCUSDT", "a": 408202781, "p": "13755.09000000", "q": "0.06025600", "f": 448746215, "l": 448746215, "T": 1604221238892, "m": false, "M": true}, {"e": "aggTrade", "E": 1604221239340, "s": "BTCUSDT", "a": 408202782, "p": "13755.09000000", "q": "0.06085600", "f": 448746216, "l": 448746216, "T": 1604221239338, "m": false, "M": true}, {"e": "aggTrade", "E": 1604221239782, "s": "BTCUSDT", "a": 408202783, "p": "13755.09000000", "q": "0.06135200", "f": 448746217, "l": 448746217, "T": 1604221239781, "m": false, "M": true}, {"e": "aggTrade", "E": 1604221240215, "s": "BTCUSDT", "a": 408202784, "p": "13755.09000000", "q": "0.07270100", "f": 448746218, "l": 448746218, "T": 1604221240214, "m": false, "M": true}, {"e": "aggTrade", "E": 1604221240222, "s": "BTCUSDT", "a": 408202785, "p": "13755.09000000", "q": "0.06001400", "f": 448746219, "l": 448746219, "T": 1604221240221, "m": false, "M": true}, {"e": "aggTrade", "E": 1604221240309, "s": "BTCUSDT", "a": 408202786, "p": "13755.08000000", "q": "0.00900000", "f": 448746220, "l": 448746220, "T": 1604221240308, "m": true, "M": true}, {"e": "aggTrade", "E": 1604221240309, "s": "BTCUSDT", "a": 408202787, "p": "13754.65000000", "q": "0.01100000", "f": 448746221, "l": 448746221, "T": 1604221240308, "m": true, "M": true}, {"e": "aggTrade", "E": 1604221240374, "s": "BTCUSDT", "a": 408202788, "p": "13754.66000000", "q": "0.00089500", "f": 448746222, "l": 448746222, "T": 1604221240372, "m": false, "M": true}, {"e": "aggTrade", "E": 1604221240430, "s": "BTCUSDT", "a": 408202789, "p": "13754.66000000", "q": "0.02648700", "f": 448746223, "l": 448746223, "T": 1604221240429, "m": false, "M": true}, {"e": "aggTrade", "E": 1604221240654, "s": "BTCUSDT", "a": 408202790, "p": "13754.66000000", "q": "0.06003600", "f": 448746224, "l": 448746224, "T": 1604221240653, "m": false, "M": true}, {"e": "aggTrade", "E": 1604221240798, "s": "BTCUSDT", "a": 408202791, "p": "13754.66000000", "q": "0.01017300", "f": 448746225, "l": 448746225, "T": 1604221240797, "m": false, "M": true}, {"e": "aggTrade", "E": 1604221240890, "s": "BTCUSDT", "a": 408202792, "p": "13754.66000000", "q": "0.01631900", "f": 448746226, "l": 448746226, "T": 1604221240889, "m": false, "M": true}, {"e": "aggTrade", "E": 1604221240974, "s": "BTCUSDT", "a": 408202793, "p": "13754.66000000", "q": "0.01898300", "f": 448746227, "l": 448746227, "T": 1604221240973, "m": false, "M": true}, {"e": "aggTrade", "E": 1604221241086, "s": "BTCUSDT", "a": 408202794, "p": "13754.66000000", "q": "0.06049300", "f": 448746228, "l": 448746228, "T": 1604221241084, "m": false, "M": true}, {"e": "aggTrade", "E": 1604221241530, "s": "BTCUSDT", "a": 408202795, "p": "13754.66000000", "q": "0.06004000", "f": 448746229, "l": 448746229, "T": 1604221241529, "m": false, "M": true}, {"e": "aggTrade", "E": 1604221241770, "s": "BTCUSDT", "a": 408202796, "p": "13754.66000000", "q": "0.00423400", "f": 448746230, "l": 448746230, "T": 1604221241769, "m": false, "M": true}, {"e": "aggTrade", "E": 1604221242392, "s": "BTCUSDT", "a": 408202797, "p": "13754.66000000", "q": "0.00082100", "f": 448746231, "l": 448746231, "T": 1604221242391, "m": false, "M": true}, {"e": "aggTrade", "E": 1604221246679, "s": "BTCUSDT", "a": 408202798, "p": "13754.65000000", "q": "0.00117200", "f": 448746232, "l": 448746232, "T": 1604221246677, "m": true, "M": true}, {"e": "aggTrade", "E": 1604221246797, "s": "BTCUSDT", "a": 408202799, "p": "13754.65000000", "q": "0.00780500", "f": 448746233, "l": 448746233, "T": 1604221246796, "m": true, "M": true}, {"e": "aggTrade", "E": 1604221247622, "s": "BTCUSDT", "a": 408202800, "p": "13754.55000000", "q": "0.00898800", "f": 448746234, "l": 448746234, "T": 1604221247621, "m": true, "M": true}, {"e": "aggTrade", "E": 1604221247723, "s": "BTCUSDT", "a": 408202801, "p": "13754.55000000", "q": "0.00898800", "f": 448746235, "l": 448746236, "T": 1604221247721, "m": true, "M": true}, {"e": "aggTrade", "E": 1604221248014, "s": "BTCUSDT", "a": 408202802, "p": "13754.55000000", "q": "0.00002400", "f": 448746237, "l": 448746237, "T": 1604221248013, "m": true, "M": true}, {"e": "aggTrade", "E": 1604221248014, "s": "BTCUSDT", "a": 408202803, "p": "13754.14000000", "q": "0.00976600", "f": 448746238, "l": 448746238, "T": 1604221248013, "m": true, "M": true}, {"e": "aggTrade", "E": 1604221248014, "s": "BTCUSDT", "a": 408202804, "p": "13754.09000000", "q": "0.00900000", "f": 448746239, "l": 448746239, "T": 1604221248013, "m": true, "M": true}, {"e": "aggTrade", "E": 1604221248014, "s": "BTCUSDT", "a": 408202805, "p": "13754.00000000", "q": "0.00727000", "f": 448746240, "l": 448746240, "T": 1604221248013, "m": true, "M": true}, {"e": "aggTrade", "E": 1604221248014, "s": "BTCUSDT", "a": 408202806, "p": "13753.84000000", "q": "0.00900000", "f": 448746241, "l": 448746241, "T": 1604221248013, "m": true, "M": true}, {"e": "aggTrade", "E": 1604221248014, "s": "BTCUSDT", "a": 408202807, "p": "13753.69000000", "q": "0.00900000", "f": 448746242, "l": 448746242, "T": 1604221248013, "m": true, "M": true}, {"e": "aggTrade", "E": 1604221248014, "s": "BTCUSDT", "a": 408202808, "p": "13753.13000000", "q": "0.00900000", "f": 448746243, "l": 448746243, "T": 1604221248013, "m": true, "M": true}, {"e": "aggTrade", "E": 1604221248014, "s": "BTCUSDT", "a": 408202809, "p": "13752.50000000", "q": "0.03750000", "f": 448746244, "l": 448746244, "T": 1604221248013, "m": true, "M": true}, {"e": "aggTrade", "E": 1604221248014, "s": "BTCUSDT", "a": 408202810, "p": "13752.19000000", "q": "0.29052700", "f": 448746245, "l": 448746245, "T": 1604221248013, "m": true, "M": true}, {"e": "aggTrade", "E": 1604221248014, "s": "BTCUSDT", "a": 408202811, "p": "13752.00000000", "q": "0.03750000", "f": 448746246, "l": 448746246, "T": 1604221248013, "m": true, "M": true}, {"e": "aggTrade", "E": 1604221248014, "s": "BTCUSDT", "a": 408202812, "p": "13751.53000000", "q": "0.00676100", "f": 448746247, "l": 448746247, "T": 1604221248013, "m": true, "M": true}, {"e": "aggTrade", "E": 1604221248121, "s": "BTCUSDT", "a": 408202813, "p": "13752.37000000", "q": "0.40000000", "f": 448746248, "l": 448746248, "T": 1604221248120, "m": false, "M": true}, {"e": "aggTrade", "E": 1604221248132, "s": "BTCUSDT", "a": 408202814, "p": "13752.37000000", "q": "0.18000000", "f": 448746249, "l": 448746249, "T": 1604221248131, "m": false, "M": true}, {"e": "aggTrade", "E": 1604221248220, "s": "BTCUSDT", "a": 408202815, "p": "13752.37000000", "q": "0.00440600", "f": 448746250, "l": 448746250, "T": 1604221248219, "m": false, "M": true}, {"e": "aggTrade", "E": 1604221248278, "s": "BTCUSDT", "a": 408202816, "p": "13752.37000000", "q": "0.01023000", "f": 448746251, "l": 448746251, "T": 1604221248276, "m": false, "M": true}, {"e": "aggTrade", "E": 1604221248332, "s": "BTCUSDT", "a": 408202817, "p": "13752.37000000", "q": "0.00400000", "f": 448746252, "l": 448746252, "T": 1604221248330, "m": false, "M": true}, {"e": "aggTrade", "E": 1604221248438, "s": "BTCUSDT", "a": 408202818, "p": "13752.37000000", "q": "0.01046800", "f": 448746253, "l": 448746253, "T": 1604221248437, "m": false, "M": true}, {"e": "aggTrade", "E": 1604221248569, "s": "BTCUSDT", "a": 408202819, "p": "13752.37000000", "q": "0.06059700", "f": 448746254, "l": 448746254, "T": 1604221248568, "m": false, "M": true}, {"e": "aggTrade", "E": 1604221248572, "s": "BTCUSDT", "a": 408202820, "p": "13752.37000000", "q": "0.00800000", "f": 448746255, "l": 448746255, "T": 1604221248571, "m": false, "M": true}, {"e": "aggTrade", "E": 1604221248702, "s": "BTCUSDT", "a": 408202821, "p": "13752.37000000", "q": "0.03680700", "f": 448746256, "l": 448746257, "T": 1604221248701, "m": false, "M": true}, {"e": "aggTrade", "E": 1604221248873, "s": "BTCUSDT", "a": 408202822, "p": "13752.37000000", "q": "0.05669400", "f": 448746258, "l": 448746258, "T": 1604221248872, "m": false, "M": true}, {"e": "aggTrade", "E": 1604221249022, "s": "BTCUSDT", "a": 408202823, "p": "13752.37000000", "q": "0.06019900", "f": 448746259, "l": 448746259, "T": 1604221249021, "m": false, "M": true}, {"e": "aggTrade", "E": 1604221249228, "s": "BTCUSDT", "a": 408202824, "p": "13752.37000000", "q": "0.00304000", "f": 448746260, "l": 448746260, "T": 1604221249226, "m": false, "M": true}, {"e": "aggTrade", "E": 1604221249461, "s": "BTCUSDT", "a": 408202825, "p": "13752.37000000", "q": "0.06006700", "f": 448746261, "l": 448746261, "T": 1604221249460, "m": false, "M": true}, {"e": "aggTrade", "E": 1604221249880, "s": "BTCUSDT", "a": 408202826, "p": "13752.36000000", "q": "0.00107000", "f": 448746262, "l": 448746262, "T": 1604221249879, "m": true, "M": true}, {"e": "aggTrade", "E": 1604221249912, "s": "BTCUSDT", "a": 408202827, "p": "13752.37000000", "q": "0.06026100", "f": 448746263, "l": 448746263, "T": 1604221249911, "m": false, "M": true}, {"e": "aggTrade", "E": 1604221250355, "s": "BTCUSDT", "a": 408202828, "p": "13752.37000000", "q": "0.06016200", "f": 448746264, "l": 448746264, "T": 1604221250354, "m": false, "M": true}, {"e": "aggTrade", "E": 1604221250384, "s": "BTCUSDT", "a": 408202829, "p": "13752.36000000", "q": "0.00283000", "f": 448746265, "l": 448746265, "T": 1604221250383, "m": true, "M": true}, {"e": "aggTrade", "E": 1604221250636, "s": "BTCUSDT", "a": 408202830, "p": "13752.37000000", "q": "0.00083000", "f": 448746266, "l": 448746266, "T": 1604221250635, "m": false, "M": true}, {"e": "aggTrade", "E": 1604221250801, "s": "BTCUSDT", "a": 408202831, "p": "13752.37000000", "q": "0.06036300", "f": 448746267, "l": 448746267, "T": 1604221250799, "m": false, "M": true}, {"e": "aggTrade", "E": 1604221251250, "s": "BTCUSDT", "a": 408202832, "p": "13752.37000000", "q": "0.06024000", "f": 448746268, "l": 448746268, "T": 1604221251249, "m": false, "M": true}, {"e": "aggTrade", "E": 1604221251687, "s": "BTCUSDT", "a": 408202833, "p": "13752.37000000", "q": "0.06007200", "f": 448746269, "l": 448746269, "T": 1604221251686, "m": false, "M": true}, {"e": "aggTrade", "E": 1604221252097, "s": "BTCUSDT", "a": 408202834, "p": "13752.36000000", "q": "0.00510000", "f": 448746270, "l": 448746270, "T": 1604221252095, "m": true, "M": true}, {"e": "aggTrade", "E": 1604221252097, "s": "BTCUSDT", "a": 408202835, "p": "13752.35000000", "q": "0.10000000", "f": 448746271, "l": 448746271, "T": 1604221252095, "m": true, "M": true}, {"e": "aggTrade", "E": 1604221252097, "s": "BTCUSDT", "a": 408202836, "p": "13751.53000000", "q": "0.01223900", "f": 448746272, "l": 448746273, "T": 1604221252095, "m": true, "M": true}, {"e": "aggTrade", "E": 1604221252097, "s": "BTCUSDT", "a": 408202837, "p": "13751.22000000", "q": "0.00900000", "f": 448746274, "l": 448746274, "T": 1604221252095, "m": true, "M": true}, {"e": "aggTrade", "E": 1604221252097, "s": "BTCUSDT", "a": 408202838, "p": "13751.00000000", "q": "0.03750000", "f": 448746275, "l": 448746275, "T": 1604221252095, "m": true, "M": true}, {"e": "aggTrade", "E": 1604221252097, "s": "BTCUSDT", "a": 408202839, "p": "13750.84000000", "q": "0.07140300", "f": 448746276, "l": 448746276, "T": 1604221252095, "m": true, "M": true}, {"e": "aggTrade", "E": 1604221252145, "s": "BTCUSDT", "a": 408202840, "p": "13751.01000000", "q": "0.06086200", "f": 448746277, "l": 448746277, "T": 1604221252143, "m": false, "M": true}, {"e": "aggTrade", "E": 1604221252273, "s": "BTCUSDT", "a": 408202841, "p": "13751.60000000", "q": "0.00763100", "f": 448746278, "l": 448746278, "T": 1604221252272, "m": false, "M": true}, {"e": "aggTrade", "E": 1604221252376, "s": "BTCUSDT", "a": 408202842, "p": "13751.60000000", "q": "0.00400000", "f": 448746279, "l": 448746279, "T": 1604221252374, "m": false, "M": true}, {"e": "aggTrade", "E": 1604221252483, "s": "BTCUSDT", "a": 408202843, "p": "13751.60000000", "q": "0.00508900", "f": 448746280, "l": 448746280, "T": 1604221252482, "m": false, "M": true}, {"e": "aggTrade", "E": 1604221252571, "s": "BTCUSDT", "a": 408202844, "p": "13751.60000000", "q": "0.06134900", "f": 448746281, "l": 448746281, "T": 1604221252570, "m": false, "M": true}, {"e": "aggTrade", "E": 1604221252581, "s": "BTCUSDT", "a": 408202845, "p": "13751.60000000", "q": "0.00128900", "f": 448746282, "l": 448746282, "T": 1604221252580, "m": false, "M": true}, {"e": "aggTrade", "E": 1604221252704, "s": "BTCUSDT", "a": 408202846, "p": "13751.60000000", "q": "0.00770700", "f": 448746283, "l": 448746283, "T": 1604221252702, "m": false, "M": true}, {"e": "aggTrade", "E": 1604221252996, "s": "BTCUSDT", "a": 408202847, "p": "13751.60000000", "q": "0.00000400", "f": 448746284, "l": 448746284, "T": 1604221252994, "m": false, "M": true}, {"e": "aggTrade", "E": 1604221252996, "s": "BTCUSDT", "a": 408202848, "p": "13751.61000000", "q": "0.00900000", "f": 448746285, "l": 448746285, "T": 1604221252994, "m": false, "M": true}, {"e": "aggTrade", "E": 1604221252996, "s": "BTCUSDT", "a": 408202849, "p": "13752.37000000", "q": "0.00200000", "f": 448746286, "l": 448746286, "T": 1604221252994, "m": false, "M": true}, {"e": "aggTrade", "E": 1604221252996, "s": "BTCUSDT", "a": 408202850, "p": "13752.71000000", "q": "0.00900000", "f": 448746287, "l": 448746287, "T": 1604221252994, "m": false, "M": true}, {"e": "aggTrade", "E": 1604221252996, "s": "BTCUSDT", "a": 408202851, "p": "13752.98000000", "q": "0.04026500", "f": 448746288, "l": 448746288, "T": 1604221252994, "m": false, "M": true}, {"e": "aggTrade", "E": 1604221253142, "s": "BTCUSDT", "a": 408202852, "p": "13752.29000000", "q": "0.00826100", "f": 448746289, "l": 448746289, "T": 1604221253141, "m": false, "M": true}, {"e": "aggTrade", "E": 1604221253459, "s": "BTCUSDT", "a": 408202853, "p": "13752.29000000", "q": "0.00073900", "f": 448746290, "l": 448746290, "T": 1604221253458, "m": false, "M": true}, {"e": "aggTrade", "E": 1604221253459, "s": "BTCUSDT", "a": 408202854, "p": "13753.00000000", "q": "0.03750000", "f": 448746291, "l": 448746291, "T": 1604221253458, "m": false, "M": true}, {"e": "aggTrade", "E": 1604221253459, "s": "BTCUSDT", "a": 408202855, "p": "13753.05000000", "q": "0.00900000", "f": 448746292, "l": 448746292, "T": 1604221253458, "m": false, "M": true}, {"e": "aggTrade", "E": 1604221253459, "s": "BTCUSDT", "a": 408202856, "p": "13753.23000000", "q": "0.01304700", "f": 448746293, "l": 448746293, "T": 1604221253458, "m": false, "M": true}, {"e": "aggTrade", "E": 1604221253473, "s": "BTCUSDT", "a": 408202857, "p": "13753.22000000", "q": "0.04227500", "f": 448746294, "l": 448746294, "T": 1604221253471, "m": true, "M": true}, {"e": "aggTrade", "E": 1604221254715, "s": "BTCUSDT", "a": 408202858, "p": "13753.22000000", "q": "0.02275300", "f": 448746295, "l": 448746295, "T": 1604221254714, "m": true, "M": true}, {"e": "aggTrade", "E": 1604221256636, "s": "BTCUSDT", "a": 408202859, "p": "13753.23000000", "q": "0.00099200", "f": 448746296, "l": 448746296, "T": 1604221256635, "m": false, "M": true}, {"e": "aggTrade", "E": 1604221257810, "s": "BTCUSDT", "a": 408202860, "p": "13753.23000000", "q": "0.01000000", "f": 448746297, "l": 448746297, "T": 1604221257809, "m": false, "M": true}, {"e": "aggTrade", "E": 1604221257818, "s": "BTCUSDT", "a": 408202861, "p": "13753.23000000", "q": "0.02300000", "f": 448746298, "l": 448746301, "T": 1604221257816, "m": false, "M": true}, {"e": "aggTrade", "E": 1604221257818, "s": "BTCUSDT", "a": 408202862, "p": "13754.00000000", "q": "0.13519400", "f": 448746302, "l": 448746302, "T": 1604221257816, "m": false, "M": true}, {"e": "aggTrade", "E": 1604221257818, "s": "BTCUSDT", "a": 408202863, "p": "13754.50000000", "q": "0.03750000", "f": 448746303, "l": 448746303, "T": 1604221257816, "m": false, "M": true}, {"e": "aggTrade", "E": 1604221257818, "s": "BTCUSDT", "a": 408202864, "p": "13754.53000000", "q": "0.01602100", "f": 448746304, "l": 448746304, "T": 1604221257816, "m": false, "M": true}, {"e": "aggTrade", "E": 1604221257818, "s": "BTCUSDT", "a": 408202865, "p": "13754.54000000", "q": "0.13972500", "f": 448746305, "l": 448746305, "T": 1604221257816, "m": false, "M": true}, {"e": "aggTrade", "E": 1604221257818, "s": "BTCUSDT", "a": 408202866, "p": "13754.55000000", "q": "0.00145300", "f": 448746306, "l": 448746306, "T": 1604221257816, "m": false, "M": true}, {"e": "aggTrade", "E": 1604221257818, "s": "BTCUSDT", "a": 408202867, "p": "13754.56000000", "q": "0.04710700", "f": 448746307, "l": 448746307, "T": 1604221257816, "m": false, "M": true}, {"e": "aggTrade", "E": 1604221258007, "s": "BTCUSDT", "a": 408202868, "p": "13754.26000000", "q": "0.01659900", "f": 448746308, "l": 448746309, "T": 1604221258005, "m": false, "M": true}, {"e": "aggTrade", "E": 1604221258184, "s": "BTCUSDT", "a": 408202869, "p": "13754.60000000", "q": "0.00310800", "f": 448746310, "l": 448746310, "T": 1604221258183, "m": true, "M": true}, {"e": "aggTrade", "E": 1604221258261, "s": "BTCUSDT", "a": 408202870, "p": "13754.61000000", "q": "0.01800000", "f": 448746311, "l": 448746312, "T": 1604221258259, "m": false, "M": true}, {"e": "aggTrade", "E": 1604221258261, "s": "BTCUSDT", "a": 408202871, "p": "13754.66000000", "q": "0.04202600", "f": 448746313, "l": 448746314, "T": 1604221258259, "m": false, "M": true}, {"e": "aggTrade", "E": 1604221258462, "s": "BTCUSDT", "a": 408202872, "p": "13754.65000000", "q": "0.09176600", "f": 448746315, "l": 448746315, "T": 1604221258461, "m": true, "M": true}, {"e": "aggTrade", "E": 1604221258701, "s": "BTCUSDT", "a": 408202873, "p": "13754.66000000", "q": "0.01615500", "f": 448746316, "l": 448746318, "T": 1604221258700, "m": false, "M": true}, {"e": "aggTrade", "E": 1604221258701, "s": "BTCUSDT", "a": 408202874, "p": "13754.88000000", "q": "0.00900000", "f": 448746319, "l": 448746319, "T": 1604221258700, "m": false, "M": true}, {"e": "aggTrade", "E": 1604221258701, "s": "BTCUSDT", "a": 408202875, "p": "13755.56000000", "q": "0.00900000", "f": 448746320, "l": 448746320, "T": 1604221258700, "m": false, "M": true}, {"e": "aggTrade", "E": 1604221258701, "s": "BTCUSDT", "a": 408202876, "p": "13756.00000000", "q": "0.02619800", "f": 448746321, "l": 448746321, "T": 1604221258700, "m": false, "M": true}, {"e": "aggTrade", "E": 1604221258774, "s": "BTCUSDT", "a": 408202877, "p": "13755.35000000", "q": "0.00900000", "f": 448746322, "l": 448746322, "T": 1604221258773, "m": false, "M": true}, {"e": "aggTrade", "E": 1604221258774, "s": "BTCUSDT", "a": 408202878, "p": "13756.02000000", "q": "0.03456000", "f": 448746323, "l": 448746323, "T": 1604221258773, "m": false, "M": true}, {"e": "aggTrade", "E": 1604221258825, "s": "BTCUSDT", "a": 408202879, "p": "13756.02000000", "q": "0.00082300", "f": 448746324, "l": 448746324, "T": 1604221258824, "m": false, "M": true}, {"e": "aggTrade", "E": 1604221258848, "s": "BTCUSDT", "a": 408202880, "p": "13756.01000000", "q": "0.00092500", "f": 448746325, "l": 448746325, "T": 1604221258847, "m": true, "M": true}, {"e": "aggTrade", "E": 1604221258949, "s": "BTCUSDT", "a": 408202881, "p": "13756.01000000", "q": "0.00853900", "f": 448746326, "l": 448746326, "T": 1604221258948, "m": true, "M": true}, {"e": "aggTrade", "E": 1604221259057, "s": "BTCUSDT", "a": 408202882, "p": "13756.01000000", "q": "0.02801200", "f": 448746327, "l": 448746327, "T": 1604221259055, "m": true, "M": true}, {"e": "aggTrade", "E": 1604221259106, "s": "BTCUSDT", "a": 408202883, "p": "13756.01000000", "q": "0.00241800", "f": 448746328, "l": 448746328, "T": 1604221259105, "m": true, "M": true}, {"e": "aggTrade", "E": 1604221259130, "s": "BTCUSDT", "a": 408202884, "p": "13756.02000000", "q": "0.00900000", "f": 448746329, "l": 448746329, "T": 1604221259129, "m": false, "M": true}, {"e": "aggTrade", "E": 1604221259130, "s": "BTCUSDT", "a": 408202885, "p": "13756.96000000", "q": "0.05169500", "f": 448746330, "l": 448746330, "T": 1604221259129, "m": false, "M": true}, {"e": "aggTrade", "E": 1604221259185, "s": "BTCUSDT", "a": 408202886, "p": "13756.71000000", "q": "0.02351700", "f": 448746331, "l": 448746331, "T": 1604221259184, "m": true, "M": true}, {"e": "aggTrade", "E": 1604221259254, "s": "BTCUSDT", "a": 408202887, "p": "13756.71000000", "q": "0.00800000", "f": 448746332, "l": 448746332, "T": 1604221259252, "m": true, "M": true}, {"e": "aggTrade", "E": 1604221259367, "s": "BTCUSDT", "a": 408202888, "p": "13756.71000000", "q": "0.00434400", "f": 448746333, "l": 448746333, "T": 1604221259366, "m": true, "M": true}, {"e": "aggTrade", "E": 1604221259574, "s": "BTCUSDT", "a": 408202889, "p": "13756.72000000", "q": "0.06008300", "f": 448746334, "l": 448746335, "T": 1604221259573, "m": false, "M": true}, {"e": "aggTrade", "E": 1604221259826, "s": "BTCUSDT", "a": 408202890, "p": "13756.72000000", "q": "0.03750000", "f": 448746336, "l": 448746336, "T": 1604221259824, "m": false, "M": true}, {"e": "aggTrade", "E": 1604221260029, "s": "BTCUSDT", "a": 408202891, "p": "13756.72000000", "q": "0.06025400", "f": 448746337, "l": 448746337, "T": 1604221260028, "m": false, "M": true}, {"e": "aggTrade", "E": 1604221260473, "s": "BTCUSDT", "a": 408202892, "p": "13756.72000000", "q": "0.06030200", "f": 448746338, "l": 448746338, "T": 1604221260472, "m": false, "M": true}, {"e": "aggTrade", "E": 1604221260919, "s": "BTCUSDT", "a": 408202893, "p": "13756.72000000", "q": "0.06023800", "f": 448746339, "l": 448746339, "T": 1604221260918, "m": false, "M": true}, {"e": "aggTrade", "E": 1604221261153, "s": "BTCUSDT", "a": 408202894, "p": "13756.71000000", "q": "0.00288000", "f": 448746340, "l": 448746340, "T": 1604221261151, "m": true, "M": true}, {"e": "aggTrade", "E": 1604221261366, "s": "BTCUSDT", "a": 408202895, "p": "13756.72000000", "q": "0.06007600", "f": 448746341, "l": 448746341, "T": 1604221261365, "m": false, "M": true}, {"e": "aggTrade", "E": 1604221261524, "s": "BTCUSDT", "a": 408202896, "p": "13756.71000000", "q": "0.00242000", "f": 448746342, "l": 448746343, "T": 1604221261522, "m": true, "M": true}, {"e": "aggTrade", "E": 1604221261824, "s": "BTCUSDT", "a": 408202897, "p": "13756.72000000", "q": "0.06091300", "f": 448746344, "l": 448746346, "T": 1604221261823, "m": false, "M": true}, {"e": "aggTrade", "E": 1604221261824, "s": "BTCUSDT", "a": 408202898, "p": "13756.72000000", "q": "0.06091300", "f": 448746347, "l": 448746347, "T": 1604221261823, "m": false, "M": true}