[{"e": "aggTrade", "E": 1604221202545, "s": "ETHUSDT", "a": 171018892, "p": "387.50000000", "q": "2.02000000", "f": 200710055, "l": 200710055, "T": 1604221202544, "m": true, "M": true}, {"e": "aggTrade", "E": 1604221203090, "s": "ETHUSDT", "a": 171018893, "p": "387.50000000", "q": "5.00000000", "f": 200710056, "l": 200710057, "T": 1604221203088, "m": true, "M": true}, {"e": "aggTrade", "E": 1604221204415, "s": "ETHUSDT", "a": 171018894, "p": "387.50000000", "q": "0.02960000", "f": 200710058, "l": 200710058, "T": 1604221204414, "m": false, "M": true}, {"e": "aggTrade", "E": 1604221205382, "s": "ETHUSDT", "a": 171018895, "p": "387.49000000", "q": "2.59780000", "f": 200710059, "l": 200710059, "T": 1604221205380, "m": true, "M": true}, {"e": "aggTrade", "E": 1604221206192, "s": "ETHUSDT", "a": 171018896, "p": "387.49000000", "q": "0.11859000", "f": 200710060, "l": 200710060, "T": 1604221206191, "m": true, "M": true}, {"e": "aggTrade", "E": 1604221207915, "s": "ETHUSDT", "a": 171018897, "p": "387.49000000", "q": "1.86925000", "f": 200710061, "l": 200710061, "T": 1604221207914, "m": true, "M": true}, {"e": "aggTrade", "E": 1604221209987, "s": "ETHUSDT", "a": 171018898, "p": "387.50000000", "q": "0.03779000", "f": 200710062, "l": 200710062, "T": 1604221209986, "m": false, "M": true}, {"e": "aggTrade", "E": 1604221210286, "s": "ETHUSDT", "a": 171018899, "p": "387.50000000", "q": "0.21307000", "f": 200710063, "l": 200710063, "T": 1604221210283, "m": false, "M": true}, {"e": "aggTrade", "E": 1604221210314, "s": "ETHUSDT", "a": 171018900, "p": "387.51000000", "q": "0.25853000", "f": 200710064, "l": 200710064, "T": 1604221210312, "m": false, "M": true}, {"e": "aggTrade", "E": 1604221210339, "s": "ETHUSDT", "a": 171018901, "p": "387.54000000", "q": "0.24999000", "f": 200710065, "l": 200710065, "T": 1604221210332, "m": false, "M": true}, {"e": "aggTrade", "E": 1604221210359, "s": "ETHUSDT", "a": 171018902, "p": "387.56000000", "q": "0.05000000", "f": 200710066, "l": 200710066, "T": 1604221210354, "m": false, "M": true}, {"e": "aggTrade", "E": 1604221210646, "s": "ETHUSDT", "a": 171018903, "p": "387.56000000", "q": "3.03828000", "f": 200710067, "l": 200710067, "T": 1604221210645, "m": true, "M": true}, {"e": "aggTrade", "E": 1604221210659, "s": "ETHUSDT", "a": 171018904, "p": "387.57000000", "q": "0.17071000", "f": 200710068, "l": 200710068, "T": 1604221210658, "m": true, "M": true}, {"e": "aggTrade", "E": 1604221210862, "s": "ETHUSDT", "a": 171018905, "p": "387.59000000", "q": "2.50000000", "f": 200710069, "l": 200710069, "T": 1604221210860, "m": true, "M": true}, {"e": "aggTrade", "E": 1604221211013, "s": "ETHUSDT", "a": 171018906, "p": "387.59000000", "q": "0.04000000", "f": 200710070, "l": 200710070, "T": 1604221211012, "m": true, "M": true}, {"e": "aggTrade", "E": 1604221211564, "s": "ETHUSDT", "a": 171018907, "p": "387.62000000", "q": "0.30601000", "f": 200710071, "l": 200710071, "T": 1604221211562, "m": true, "M": true}, {"e": "aggTrade", "E": 1604221211727, "s": "ETHUSDT", "a": 171018908, "p": "387.63000000", "q": "5.00000000", "f": 200710072, "l": 200710072, "T": 1604221211725, "m": false, "M": true}, {"e": "aggTrade", "E": 1604221211771, "s": "ETHUSDT", "a": 171018909, "p": "387.62000000", "q": "0.04000000", "f": 200710073, "l": 200710073, "T": 1604221211770, "m": true, "M": true}, {"e": "aggTrade", "E": 1604221211980, "s": "ETHUSDT", "a": 171018910, "p": "387.63000000", "q": "0.35000000", "f": 200710074, "l": 200710074, "T": 1604221211978, "m": true, "M": true}, {"e": "aggTrade", "E": 1604221212037, "s": "ETHUSDT", "a": 171018911, "p": "387.64000000", "q": "5.41700000", "f": 200710075, "l": 200710075, "T": 1604221212036, "m": false, "M": true}, {"e": "aggTrade", "E": 1604221212081, "s": "ETHUSDT", "a": 171018912, "p": "387.63000000", "q": "0.04000000", "f": 200710076, "l": 200710076, "T": 1604221212080, "m": true, "M": true}, {"e": "aggTrade", "E": 1604221212227, "s": "ETHUSDT", "a": 171018913, "p": "387.63000000", "q": "3.00000000", "f": 200710077, "l": 200710077, "T": 1604221212225, "m": false, "M": true}, {"e": "aggTrade", "E": 1604221212547, "s": "ETHUSDT", "a": 171018914, "p": "387.64000000", "q": "3.00000000", "f": 200710078, "l": 200710078, "T": 1604221212546, "m": false, "M": true}, {"e": "aggTrade", "E": 1604221212555, "s": "ETHUSDT", "a": 171018915, "p": "387.63000000", "q": "0.06982000", "f": 200710079, "l": 200710079, "T": 1604221212553, "m": true, "M": true}, {"e": "aggTrade", "E": 1604221212631, "s": "ETHUSDT", "a": 171018916, "p": "387.64000000", "q": "0.02900000", "f": 200710080, "l": 200710080, "T": 1604221212630, "m": false, "M": true}, {"e": "aggTrade", "E": 1604221213586, "s": "ETHUSDT", "a": 171018917, "p": "387.63000000", "q": "0.15000000", "f": 200710081, "l": 200710081, "T": 1604221213585, "m": true, "M": true}, {"e": "aggTrade", "E": 1604221213814, "s": "ETHUSDT", "a": 171018918, "p": "387.64000000", "q": "3.11200000", "f": 200710082, "l": 200710082, "T": 1604221213812, "m": false, "M": true}, {"e": "aggTrade", "E": 1604221214581, "s": "ETHUSDT", "a": 171018919, "p": "387.63000000", "q": "0.16000000", "f": 200710083, "l": 200710083, "T": 1604221214580, "m": true, "M": true}, {"e": "aggTrade", "E": 1604221215126, "s": "ETHUSDT", "a": 171018920, "p": "387.63000000", "q": "0.10077000", "f": 200710084, "l": 200710084, "T": 1604221215124, "m": true, "M": true}, {"e": "aggTrade", "E": 1604221215713, "s": "ETHUSDT", "a": 171018921, "p": "387.64000000", "q": "0.00059000", "f": 200710085, "l": 200710085, "T": 1604221215712, "m": false, "M": true}, {"e": "aggTrade", "E": 1604221216181, "s": "ETHUSDT", "a": 171018922, "p": "387.69000000", "q": "2.50000000", "f": 200710086, "l": 200710086, "T": 1604221216180, "m": true, "M": true}, {"e": "aggTrade", "E": 1604221216272, "s": "ETHUSDT", "a": 171018923, "p": "387.65000000", "q": "0.29530000", "f": 200710087, "l": 200710087, "T": 1604221216270, "m": true, "M": true}, {"e": "aggTrade", "E": 1604221216365, "s": "ETHUSDT", "a": 171018924, "p": "387.67000000", "q": "5.00000000", "f": 200710088, "l": 200710088, "T": 1604221216364, "m": false, "M": true}, {"e": "aggTrade", "E": 1604221217002, "s": "ETHUSDT", "a": 171018925, "p": "387.69000000", "q": "0.11219000", "f": 200710089, "l": 200710089, "T": 1604221217001, "m": true, "M": true}, {"e": "aggTrade", "E": 1604221217014, "s": "ETHUSDT", "a": 171018926, "p": "387.69000000", "q": "0.10680000", "f": 200710090, "l": 200710090, "T": 1604221217012, "m": true, "M": true}, {"e": "aggTrade", "E": 1604221217806, "s": "ETHUSDT", "a": 171018927, "p": "387.69000000", "q": "0.18058000", "f": 200710091, "l": 200710091, "T": 1604221217805, "m": true, "M": true}, {"e": "aggTrade", "E": 1604221218309, "s": "ETHUSDT", "a": 171018928, "p": "387.70000000", "q": "2.38253000", "f": 200710092, "l": 200710094, "T": 1604221218308, "m": false, "M": true}, {"e": "aggTrade", "E": 1604221218544, "s": "ETHUSDT", "a": 171018929, "p": "387.69000000", "q": "0.03795000", "f": 200710095, "l": 200710095, "T": 1604221218543, "m": true, "M": true}, {"e": "aggTrade", "E": 1604221220191, "s": "ETHUSDT", "a": 171018930, "p": "387.69000000", "q": "0.10000000", "f": 200710096, "l": 200710096, "T": 1604221220189, "m": true, "M": true}, {"e": "aggTrade", "E": 1604221220543, "s": "ETHUSDT", "a": 171018931, "p": "387.69000000", "q": "0.92282000", "f": 200710097, "l": 200710097, "T": 1604221220542, "m": false, "M": true}, {"e": "aggTrade", "E": 1604221220849, "s": "ETHUSDT", "a": 171018932, "p": "387.69000000", "q": "0.02868000", "f": 200710098, "l": 200710098, "T": 1604221220847, "m": false, "M": true}, {"e": "aggTrade", "E": 1604221223946, "s": "ETHUSDT", "a": 171018933, "p": "387.68000000", "q": "0.16078000", "f": 200710099, "l": 200710099, "T": 1604221223944, "m": true, "M": true}, {"e": "aggTrade", "E": 1604221227143, "s": "ETHUSDT", "a": 171018934, "p": "387.65000000", "q": "4.92880000", "f": 200710100, "l": 200710100, "T": 1604221227142, "m": false, "M": true}, {"e": "aggTrade", "E": 1604221229064, "s": "ETHUSDT", "a": 171018935, "p": "387.67000000", "q": "0.02960000", "f": 200710101, "l": 200710101, "T": 1604221229062, "m": false, "M": true}, {"e": "aggTrade", "E": 1604221229323, "s": "ETHUSDT", "a": 171018936, "p": "387.69000000", "q": "0.26073000", "f": 200710102, "l": 200710102, "T": 1604221229322, "m": true, "M": true}, {"e": "aggTrade", "E": 1604221230459, "s": "ETHUSDT", "a": 171018937, "p": "387.66000000", "q": "6.04000000", "f": 200710103, "l": 200710104, "T": 1604221230457, "m": false, "M": true}, {"e": "aggTrade", "E": 1604221234696, "s": "ETHUSDT", "a": 171018938, "p": "387.65000000", "q": "0.88125000", "f": 200710105, "l": 200710105, "T": 1604221234695, "m": false, "M": true}, {"e": "aggTrade", "E": 1604221235924, "s": "ETHUSDT", "a": 171018939, "p": "387.64000000", "q": "12.57690000", "f": 200710106, "l": 200710106, "T": 1604221235923, "m": true, "M": true}, {"e": "aggTrade", "E": 1604221236003, "s": "ETHUSDT", "a": 171018940, "p": "387.61000000", "q": "0.25413000", "f": 200710107, "l": 200710107, "T": 1604221236001, "m": true, "M": true}, {"e": "aggTrade", "E": 1604221237311, "s": "ETHUSDT", "a": 171018941, "p": "387.61000000", "q": "0.03078000", "f": 200710108, "l": 200710108, "T": 1604221237310, "m": false, "M": true}, {"e": "aggTrade", "E": 1604221240429, "s": "ETHUSDT", "a": 171018942, "p": "387.60000000", "q": "0.94000000", "f": 200710109, "l": 200710110, "T": 1604221240428, "m": true, "M": true}, {"e": "aggTrade", "E": 1604221240607, "s": "ETHUSDT", "a": 171018943, "p": "387.55000000", "q": "0.20625000", "f": 200710111, "l": 200710111, "T": 1604221240606, "m": false, "M": true}, {"e": "aggTrade", "E": 1604221240749, "s": "ETHUSDT", "a": 171018944, "p": "387.54000000", "q": "0.88152000", "f": 200710112, "l": 200710112, "T": 1604221240748, "m": false, "M": true}, {"e": "aggTrade", "E": 1604221240828, "s": "ETHUSDT", "a": 171018945, "p": "387.54000000", "q": "0.10500000", "f": 200710113, "l": 200710113, "T": 1604221240827, "m": false, "M": true}, {"e": "aggTrade", "E": 1604221243511, "s": "ETHUSDT", "a": 171018946, "p": "387.54000000", "q": "0.02858000", "f": 200710114, "l": 200710114, "T": 1604221243510, "m": false, "M": true}, {"e": "aggTrade", "E": 1604221245297, "s": "ETHUSDT", "a": 171018947, "p": "387.54000000", "q": "5.02142000", "f": 200710115, "l": 200710116, "T": 1604221245296, "m": false, "M": true}, {"e": "aggTrade", "E": 1604221245297, "s": "ETHUSDT", "a": 171018948, "p": "387.57000000", "q": "3.62135000", "f": 200710117, "l": 200710118, "T": 1604221245296, "m": false, "M": true}, {"e": "aggTrade", "E": 1604221245297, "s": "ETHUSDT", "a": 171018949, "p": "387.58000000", "q": "3.41067000", "f": 200710119, "l": 200710119, "T": 1604221245296, "m": false, "M": true}, {"e": "aggTrade", "E": 1604221245297, "s": "ETHUSDT", "a": 171018950, "p": "387.60000000", "q": "6.53500000", "f": 200710120, "l": 200710120, "T": 1604221245296, "m": false, "M": true}, {"e": "aggTrade", "E": 1604221246777, "s": "ETHUSDT", "a": 171018951, "p": "387.56000000", "q": "0.27700000", "f": 200710121, "l": 200710121, "T": 1604221246775, "m": false, "M": true}, {"e": "aggTrade", "E": 1604221247602, "s": "ETHUSDT", "a": 171018952, "p": "387.53000000", "q": "0.31900000", "f": 200710122, "l": 200710122, "T": 1604221247601, "m": false, "M": true}, {"e": "aggTrade", "E": 1604221247702, "s": "ETHUSDT", "a": 171018953, "p": "387.53000000", "q": "0.31900000", "f": 200710123, "l": 200710123, "T": 1604221247701, "m": false, "M": true}, {"e": "aggTrade", "E": 1604221247807, "s": "ETHUSDT", "a": 171018954, "p": "387.53000000", "q": "3.91172000", "f": 200710124, "l": 200710124, "T": 1604221247806, "m": false, "M": true}, {"e": "aggTrade", "E": 1604221247920, "s": "ETHUSDT", "a": 171018955, "p": "387.53000000", "q": "0.45028000", "f": 200710125, "l": 200710125, "T": 1604221247918, "m": false, "M": true}, {"e": "aggTrade", "E": 1604221248149, "s": "ETHUSDT", "a": 171018956, "p": "387.53000000", "q": "0.29972000", "f": 200710126, "l": 200710126, "T": 1604221248147, "m": false, "M": true}, {"e": "aggTrade", "E": 1604221249358, "s": "ETHUSDT", "a": 171018957, "p": "387.52000000", "q": "1.51333000", "f": 200710127, "l": 200710127, "T": 1604221249357, "m": true, "M": true}, {"e": "aggTrade", "E": 1604221249481, "s": "ETHUSDT", "a": 171018958, "p": "387.52000000", "q": "0.43266000", "f": 200710128, "l": 200710128, "T": 1604221249479, "m": true, "M": true}, {"e": "aggTrade", "E": 1604221250381, "s": "ETHUSDT", "a": 171018959, "p": "387.52000000", "q": "2.25913000", "f": 200710129, "l": 200710129, "T": 1604221250380, "m": true, "M": true}, {"e": "aggTrade", "E": 1604221250879, "s": "ETHUSDT", "a": 171018960, "p": "387.53000000", "q": "0.14052000", "f": 200710130, "l": 200710130, "T": 1604221250878, "m": false, "M": true}, {"e": "aggTrade", "E": 1604221251126, "s": "ETHUSDT", "a": 171018961, "p": "387.53000000", "q": "0.95500000", "f": 200710131, "l": 200710131, "T": 1604221251125, "m": false, "M": true}, {"e": "aggTrade", "E": 1604221251252, "s": "ETHUSDT", "a": 171018962, "p": "387.53000000", "q": "0.09200000", "f": 200710132, "l": 200710132, "T": 1604221251251, "m": false, "M": true}, {"e": "aggTrade", "E": 1604221251760, "s": "ETHUSDT", "a": 171018963, "p": "387.59000000", "q": "0.02842000", "f": 200710133, "l": 200710133, "T": 1604221251759, "m": false, "M": true}, {"e": "aggTrade", "E": 1604221253926, "s": "ETHUSDT", "a": 171018964, "p": "387.54000000", "q": "0.53022000", "f": 200710134, "l": 200710134, "T": 1604221253925, "m": false, "M": true}, {"e": "aggTrade", "E": 1604221257498, "s": "ETHUSDT", "a": 171018965, "p": "387.54000000", "q": "0.26959000", "f": 200710135, "l": 200710135, "T": 1604221257497, "m": false, "M": true}, {"e": "aggTrade", "E": 1604221257498, "s": "ETHUSDT", "a": 171018966, "p": "387.60000000", "q": "0.14515000", "f": 200710136, "l": 200710136, "T": 1604221257497, "m": false, "M": true}, {"e": "aggTrade", "E": 1604221257498, "s": "ETHUSDT", "a": 171018967, "p": "387.61000000", "q": "0.08148000", "f": 200710137, "l": 200710137, "T": 1604221257497, "m": false, "M": true}, {"e": "aggTrade", "E": 1604221259995, "s": "ETHUSDT", "a": 171018968, "p": "387.57000000", "q": "0.02995000", "f": 200710138, "l": 200710138, "T": 1604221259994, "m": false, "M": true}, {"e": "aggTrade", "E": 1604221262375, "s": "ETHUSDT", "a": 171018969, "p": "387.64000000", "q": "0.04633000", "f": 200710139, "l": 200710139, "T": 1604221262373, "m": true, "M": true}, {"e": "aggTrade", "E": 1604221262973, "s": "ETHUSDT", "a": 171018970, "p": "387.66000000", "q": "0.03980000", "f": 200710140, "l": 200710140, "T": 1604221262972, "m": false, "M": true}, {"e": "aggTrade", "E": 1604221263056, "s": "ETHUSDT", "a": 171018971, "p": "387.67000000", "q": "0.20828000", "f": 200710141, "l": 200710141, "T": 1604221263055, "m": true, "M": true}, {"e": "aggTrade", "E": 1604221263170, "s": "ETHUSDT", "a": 171018972, "p": "387.69000000", "q": "0.02902000", "f": 200710142, "l": 200710142, "T": 1604221263168, "m": true, "M": true}, {"e": "aggTrade", "E": 1604221263170, "s": "ETHUSDT", "a": 171018973, "p": "387.68000000", "q": "0.12253000", "f": 200710143, "l": 200710143, "T": 1604221263168, "m": true, "M": true}, {"e": "aggTrade", "E": 1604221266401, "s": "ETHUSDT", "a": 171018974, "p": "387.64000000", "q": "0.86746000", "f": 200710144, "l": 200710145, "T": 1604221266400, "m": true, "M": true}, {"e": "aggTrade", "E": 1604221268186, "s": "ETHUSDT", "a": 171018975, "p": "387.64000000", "q": "0.02991000", "f": 200710146, "l": 200710146, "T": 1604221268185, "m": false, "M": true}, {"e": "aggTrade", "E": 1604221272285, "s": "ETHUSDT", "a": 171018976, "p": "387.67000000", "q": "0.49254000", "f": 200710147, "l": 200710147, "T": 1604221272284, "m": false, "M": true}, {"e": "aggTrade", "E": 1604221273584, "s": "ETHUSDT", "a": 171018977, "p": "387.65000000", "q": "4.12800000", "f": 200710148, "l": 200710148, "T": 1604221273583, "m": false, "M": true}, {"e": "aggTrade", "E": 1604221273687, "s": "ETHUSDT", "a": 171018978, "p": "387.65000000", "q": "2.69600000", "f": 200710149, "l": 200710149, "T": 1604221273686, "m": false, "M": true}, {"e": "aggTrade", "E": 1604221275183, "s": "ETHUSDT", "a": 171018979, "p": "387.69000000", "q": "5.00000000", "f": 200710150, "l": 200710150, "T": 1604221275182, "m": true, "M": true}, {"e": "aggTrade", "E": 1604221276037, "s": "ETHUSDT", "a": 171018980, "p": "387.71000000", "q": "2.50000000", "f": 200710151, "l": 200710151, "T": 1604221276036, "m": true, "M": true}, {"e": "aggTrade", "E": 1604221276385, "s": "ETHUSDT", "a": 171018981, "p": "387.73000000", "q": "0.02854000", "f": 200710152, "l": 200710152, "T": 1604221276384, "m": false, "M": true}, {"e": "aggTrade", "E": 1604221277138, "s": "ETHUSDT", "a": 171018982, "p": "387.72000000", "q": "0.11219000", "f": 200710153, "l": 200710153, "T": 1604221277137, "m": true, "M": true}, {"e": "aggTrade", "E": 1604221278530, "s": "ETHUSDT", "a": 171018983, "p": "387.72000000", "q": "0.44360000", "f": 200710154, "l": 200710154, "T": 1604221278529, "m": true, "M": true}, {"e": "aggTrade", "E": 1604221283300, "s": "ETHUSDT", "a": 171018984, "p": "387.72000000", "q": "0.11581000", "f": 200710155, "l": 200710155, "T": 1604221283299, "m": true, "M": true}, {"e": "aggTrade", "E": 1604221284595, "s": "ETHUSDT", "a": 171018985, "p": "387.73000000", "q": "0.02146000", "f": 200710156, "l": 200710156, "T": 1604221284594, "m": false, "M": true}, {"e": "aggTrade", "E": 1604221284595, "s": "ETHUSDT", "a": 171018986, "p": "387.76000000", "q": "0.00726000", "f": 200710157, "l": 200710157, "T": 1604221284594, "m": false, "M": true}, {"e": "aggTrade", "E": 1604221284688, "s": "ETHUSDT", "a": 171018987, "p": "387.75000000", "q": "5.00000000", "f": 200710158, "l": 200710158, "T": 1604221284687, "m": true, "M": true}, {"e": "aggTrade", "E": 1604221284812, "s": "ETHUSDT", "a": 171018988, "p": "387.75000000", "q": "0.28662000", "f": 200710159, "l": 200710159, "T": 1604221284811, "m": true, "M": true}, {"e": "aggTrade", "E": 1604221289291, "s": "ETHUSDT", "a": 171018989, "p": "387.75000000", "q": "1.20000000", "f": 200710160, "l": 200710160, "T": 1604221289290, "m": true, "M": true}, {"e": "aggTrade", "E": 1604221292810, "s": "ETHUSDT", "a": 171018990, "p": "387.75000000", "q": "0.02884000", "f": 200710161, "l": 200710161, "T": 1604221292808, "m": false, "M": true}, {"e": "aggTrade", "E": 1604221294781, "s": "ETHUSDT", "a": 171018991, "p": "387.75000000", "q": "0.99443000", "f": 200710162, "l": 200710162, "T": 1604221294780, "m": false, "M": true}, {"e": "aggTrade", "E": 1604221295093, "s": "ETHUSDT", "a": 171018992, "p": "387.74000000", "q": "0.37900000", "f": 200710163, "l": 200710164, "T": 1604221295092, "m": true, "M": true}, {"e": "aggTrade", "E": 1604221295390, "s": "ETHUSDT", "a": 171018993, "p": "387.74000000", "q": "2.13020000", "f": 200710165, "l": 200710165, "T": 1604221295389, "m": true, "M": true}, {"e": "aggTrade", "E": 1604221295633, "s": "ETHUSDT", "a": 171018994, "p": "387.74000000", "q": "0.93676000", "f": 200710166, "l": 200710166, "T": 1604221295632, "m": true, "M": true}, {"e": "aggTrade", "E": 1604221296870, "s": "ETHUSDT", "a": 171018995, "p": "387.75000000", "q": "0.33138000", "f": 200710167, "l": 200710167, "T": 1604221296869, "m": false, "M": true}, {"e": "aggTrade", "E": 1604221297513, "s": "ETHUSDT", "a": 171018996, "p": "387.74000000", "q": "0.02860000", "f": 200710168, "l": 200710168, "T": 1604221297511, "m": true, "M": true}, {"e": "aggTrade", "E": 1604221298598, "s": "ETHUSDT", "a": 171018997, "p": "387.75000000", "q": "2.57984000", "f": 200710169, "l": 200710169, "T": 1604221298597, "m": false, "M": true}, {"e": "aggTrade", "E": 1604221301020, "s": "ETHUSDT", "a": 171018998, "p": "387.75000000", "q": "0.02838000", "f": 200710170, "l": 200710170, "T": 1604221301018, "m": false, "M": true}, {"e": "aggTrade", "E": 1604221303653, "s": "ETHUSDT", "a": 171018999, "p": "387.74000000", "q": "0.10100000", "f": 200710171, "l": 200710171, "T": 1604221303651, "m": true, "M": true}, {"e": "aggTrade", "E": 1604221309368, "s": "ETHUSDT", "a": 171019000, "p": "387.75000000", "q": "0.03100000", "f": 200710172, "l": 200710172, "T": 1604221309367, "m": false, "M": true}, {"e": "aggTrade", "E": 1604221314610, "s": "ETHUSDT", "a": 171019001, "p": "387.74000000", "q": "0.03623000", "f": 200710173, "l": 200710173, "T": 1604221314609, "m": true, "M": true}, {"e": "aggTrade", "E": 1604221315344, "s": "ETHUSDT", "a": 171019002, "p": "387.75000000", "q": "1.20000000", "f": 200710174, "l": 200710174, "T": 1604221315343, "m": false, "M": true}, {"e": "aggTrade", "E": 1604221316025, "s": "ETHUSDT", "a": 171019003, "p": "387.75000000", "q": "0.14867000", "f": 200710175, "l": 200710175, "T": 1604221316024, "m": false, "M": true}, {"e": "aggTrade", "E": 1604221317572, "s": "ETHUSDT", "a": 171019004, "p": "387.75000000", "q": "0.03066000", "f": 200710176, "l": 200710176, "T": 1604221317571, "m": false, "M": true}, {"e": "aggTrade", "E": 1604221317895, "s": "ETHUSDT", "a": 171019005, "p": "387.74000000", "q": "7.07311000", "f": 200710177, "l": 200710178, "T": 1604221317894, "m": true, "M": true}, {"e": "aggTrade", "E": 1604221323017, "s": "ETHUSDT", "a": 171019006, "p": "387.74000000", "q": "0.04326000", "f": 200710179, "l": 200710179, "T": 1604221323016, "m": false, "M": true}, {"e": "aggTrade", "E": 1604221324006, "s": "ETHUSDT", "a": 171019007, "p": "387.73000000", "q": "2.50000000", "f": 200710180, "l": 200710180, "T": 1604221324003, "m": true, "M": true}, {"e": "aggTrade", "E": 1604221324012, "s": "ETHUSDT", "a": 171019008, "p": "387.73000000", "q": "49.59056000", "f": 200710181, "l": 200710181, "T": 1604221324010, "m": true, "M": true}, {"e": "aggTrade", "E": 1604221324013, "s": "ETHUSDT", "a": 171019009, "p": "387.73000000", "q": "6.24790000", "f": 200710182, "l": 200710184, "T": 1604221324011, "m": true, "M": true}, {"e": "aggTrade", "E": 1604221324025, "s": "ETHUSDT", "a": 171019010, "p": "387.72000000", "q": "0.12495000", "f": 200710185, "l": 200710185, "T": 1604221324023, "m": true, "M": true}, {"e": "aggTrade", "E": 1604221324049, "s": "ETHUSDT", "a": 171019011, "p": "387.70000000", "q": "0.27293000", "f": 200710186, "l": 200710186, "T": 1604221324046, "m": true, "M": true}, {"e": "aggTrade", "E": 1604221324136, "s": "ETHUSDT", "a": 171019012, "p": "387.68000000", "q": "2.56404000", "f": 200710187, "l": 200710187, "T": 1604221324134, "m": true, "M": true}, {"e": "aggTrade", "E": 1604221324218, "s": "ETHUSDT", "a": 171019013, "p": "387.66000000", "q": "0.76636000", "f": 200710188, "l": 200710188, "T": 1604221324214, "m": false, "M": true}, {"e": "aggTrade", "E": 1604221324553, "s": "ETHUSDT", "a": 171019014, "p": "387.59000000", "q": "0.39885000", "f": 200710189, "l": 200710189, "T": 1604221324552, "m": false, "M": true}, {"e": "aggTrade", "E": 1604221324779, "s": "ETHUSDT", "a": 171019015, "p": "387.58000000", "q": "0.31900000", "f": 200710190, "l": 200710190, "T": 1604221324777, "m": false, "M": true}, {"e": "aggTrade", "E": 1604221324972, "s": "ETHUSDT", "a": 171019016, "p": "387.58000000", "q": "0.07000000", "f": 200710191, "l": 200710191, "T": 1604221324971, "m": false, "M": true}, {"e": "aggTrade", "E": 1604221325595, "s": "ETHUSDT", "a": 171019017, "p": "387.58000000", "q": "10.91200000", "f": 200710192, "l": 200710194, "T": 1604221325593, "m": false, "M": true}, {"e": "aggTrade", "E": 1604221325788, "s": "ETHUSDT", "a": 171019018, "p": "387.58000000", "q": "0.02846000", "f": 200710195, "l": 200710195, "T": 1604221325787, "m": false, "M": true}, {"e": "aggTrade", "E": 1604221329481, "s": "ETHUSDT", "a": 171019019, "p": "387.57000000", "q": "0.15624000", "f": 200710196, "l": 200710196, "T": 1604221329479, "m": true, "M": true}, {"e": "aggTrade", "E": 1604221334005, "s": "ETHUSDT", "a": 171019020, "p": "387.58000000", "q": "0.02899000", "f": 200710197, "l": 200710197, "T": 1604221334004, "m": false, "M": true}, {"e": "aggTrade", "E": 1604221337254, "s": "ETHUSDT", "a": 171019021, "p": "387.57000000", "q": "0.24586000", "f": 200710198, "l": 200710198, "T": 1604221337253, "m": true, "M": true}, {"e": "aggTrade", "E": 1604221337264, "s": "ETHUSDT", "a": 171019022, "p": "387.57000000", "q": "0.11219000", "f": 200710199, "l": 200710199, "T": 1604221337262, "m": true, "M": true}, {"e": "aggTrade", "E": 1604221340387, "s": "ETHUSDT", "a": 171019023, "p": "387.57000000", "q": "1.97956000", "f": 200710200, "l": 200710200, "T": 1604221340387, "m": true, "M": true}, {"e": "aggTrade", "E": 1604221342219, "s": "ETHUSDT", "a": 171019024, "p": "387.58000000", "q": "0.02938000", "f": 200710201, "l": 200710201, "T": 1604221342217, "m": false, "M": true}, {"e": "aggTrade", "E": 1604221343482, "s": "ETHUSDT", "a": 171019025, "p": "387.57000000", "q": "0.67733000", "f": 200710202, "l": 200710202, "T": 1604221343480, "m": true, "M": true}, {"e": "aggTrade", "E": 1604221345271, "s": "ETHUSDT", "a": 171019026, "p": "387.57000000", "q": "5.03600000", "f": 200710203, "l": 200710204, "T": 1604221345270, "m": true, "M": true}, {"e": "aggTrade", "E": 1604221349167, "s": "ETHUSDT", "a": 171019027, "p": "387.57000000", "q": "0.00093000", "f": 200710205, "l": 200710205, "T": 1604221349166, "m": true, "M": true}, {"e": "aggTrade", "E": 1604221349167, "s": "ETHUSDT", "a": 171019028, "p": "387.55000000", "q": "0.26007000", "f": 200710206, "l": 200710206, "T": 1604221349166, "m": true, "M": true}, {"e": "aggTrade", "E": 1604221349256, "s": "ETHUSDT", "a": 171019029, "p": "387.56000000", "q": "5.00000000", "f": 200710207, "l": 200710207, "T": 1604221349255, "m": false, "M": true}, {"e": "aggTrade", "E": 1604221350428, "s": "ETHUSDT", "a": 171019030, "p": "387.59000000", "q": "0.02959000", "f": 200710208, "l": 200710208, "T": 1604221350427, "m": false, "M": true}, {"e": "aggTrade", "E": 1604221351024, "s": "ETHUSDT", "a": 171019031, "p": "387.66000000", "q": "0.03528000", "f": 200710209, "l": 200710209, "T": 1604221351023, "m": true, "M": true}, {"e": "aggTrade", "E": 1604221351612, "s": "ETHUSDT", "a": 171019032, "p": "387.67000000", "q": "0.05000000", "f": 200710210, "l": 200710210, "T": 1604221351611, "m": false, "M": true}, {"e": "aggTrade", "E": 1604221351730, "s": "ETHUSDT", "a": 171019033, "p": "387.68000000", "q": "0.12885000", "f": 200710211, "l": 200710211, "T": 1604221351729, "m": true, "M": true}, {"e": "aggTrade", "E": 1604221354104, "s": "ETHUSDT", "a": 171019034, "p": "387.72000000", "q": "0.18000000", "f": 200710212, "l": 200710212, "T": 1604221354103, "m": true, "M": true}, {"e": "aggTrade", "E": 1604221354762, "s": "ETHUSDT", "a": 171019035, "p": "387.72000000", "q": "0.05675000", "f": 200710213, "l": 200710213, "T": 1604221354761, "m": true, "M": true}, {"e": "aggTrade", "E": 1604221357255, "s": "ETHUSDT", "a": 171019036, "p": "387.72000000", "q": "0.04395000", "f": 200710214, "l": 200710214, "T": 1604221357254, "m": true, "M": true}, {"e": "aggTrade", "E": 1604221358645, "s": "ETHUSDT", "a": 171019037, "p": "387.73000000", "q": "0.02974000", "f": 200710215, "l": 200710215, "T": 1604221358644, "m": false, "M": true}, {"e": "aggTrade", "E": 1604221360893, "s": "ETHUSDT", "a": 171019038, "p": "387.72000000", "q": "34.21556000", "f": 200710216, "l": 200710217, "T": 1604221360892, "m": true, "M": true}, {"e": "aggTrade", "E": 1604221361014, "s": "ETHUSDT", "a": 171019039, "p": "387.72000000", "q": "6.82100000", "f": 200710218, "l": 200710219, "T": 1604221361013, "m": false, "M": true}, {"e": "aggTrade", "E": 1604221361235, "s": "ETHUSDT", "a": 171019040, "p": "387.72000000", "q": "0.20500000", "f": 200710220, "l": 200710221, "T": 1604221361233, "m": false, "M": true}, {"e": "aggTrade", "E": 1604221363403, "s": "ETHUSDT", "a": 171019041, "p": "387.72000000", "q": "3.55000000", "f": 200710222, "l": 200710222, "T": 1604221363401, "m": false, "M": true}, {"e": "aggTrade", "E": 1604221364033, "s": "ETHUSDT", "a": 171019042, "p": "387.72000000", "q": "17.87600000", "f": 200710223, "l": 200710224, "T": 1604221364032, "m": false, "M": true}, {"e": "aggTrade", "E": 1604221364866, "s": "ETHUSDT", "a": 171019043, "p": "387.73000000", "q": "0.03071000", "f": 200710225, "l": 200710225, "T": 1604221364864, "m": false, "M": true}, {"e": "aggTrade", "E": 1604221365115, "s": "ETHUSDT", "a": 171019044, "p": "387.72000000", "q": "0.08610000", "f": 200710226, "l": 200710226, "T": 1604221365114, "m": true, "M": true}, {"e": "aggTrade", "E": 1604221365297, "s": "ETHUSDT", "a": 171019045, "p": "387.72000000", "q": "10.59300000", "f": 200710227, "l": 200710227, "T": 1604221365296, "m": false, "M": true}, {"e": "aggTrade", "E": 1604221365954, "s": "ETHUSDT", "a": 171019046, "p": "387.72000000", "q": "0.05600000", "f": 200710228, "l": 200710228, "T": 1604221365953, "m": true, "M": true}, {"e": "aggTrade", "E": 1604221373074, "s": "ETHUSDT", "a": 171019047, "p": "387.73000000", "q": "0.02966000", "f": 200710229, "l": 200710229, "T": 1604221373073, "m": false, "M": true}, {"e": "aggTrade", "E": 1604221373567, "s": "ETHUSDT", "a": 171019048, "p": "387.71000000", "q": "1.37215000", "f": 200710230, "l": 200710230, "T": 1604221373566, "m": true, "M": true}, {"e": "aggTrade", "E": 1604221378249, "s": "ETHUSDT", "a": 171019049, "p": "387.70000000", "q": "57.47420000", "f": 200710231, "l": 200710232, "T": 1604221378248, "m": true, "M": true}, {"e": "aggTrade", "E": 1604221378378, "s": "ETHUSDT", "a": 171019050, "p": "387.68000000", "q": "0.92048000", "f": 200710233, "l": 200710233, "T": 1604221378377, "m": true, "M": true}, {"e": "aggTrade", "E": 1604221378441, "s": "ETHUSDT", "a": 171019051, "p": "387.64000000", "q": "1.00000000", "f": 200710234, "l": 200710234, "T": 1604221378440, "m": false, "M": true}, {"e": "aggTrade", "E": 1604221378546, "s": "ETHUSDT", "a": 171019052, "p": "387.63000000", "q": "0.24219000", "f": 200710235, "l": 200710235, "T": 1604221378545, "m": false, "M": true}, {"e": "aggTrade", "E": 1604221378657, "s": "ETHUSDT", "a": 171019053, "p": "387.60000000", "q": "17.62700000", "f": 200710236, "l": 200710236, "T": 1604221378655, "m": false, "M": true}, {"e": "aggTrade", "E": 1604221378759, "s": "ETHUSDT", "a": 171019054, "p": "387.60000000", "q": "0.10500000", "f": 200710237, "l": 200710237, "T": 1604221378758, "m": false, "M": true}, {"e": "aggTrade", "E": 1604221378875, "s": "ETHUSDT", "a": 171019055, "p": "387.60000000", "q": "0.46310000", "f": 200710238, "l": 200710238, "T": 1604221378874, "m": false, "M": true}, {"e": "aggTrade", "E": 1604221380341, "s": "ETHUSDT", "a": 171019056, "p": "387.60000000", "q": "4.00000000", "f": 200710239, "l": 200710239, "T": 1604221380339, "m": false, "M": true}, {"e": "aggTrade", "E": 1604221381281, "s": "ETHUSDT", "a": 171019057, "p": "387.61000000", "q": "0.03014000", "f": 200710240, "l": 200710240, "T": 1604221381280, "m": false, "M": true}, {"e": "aggTrade", "E": 1604221383142, "s": "ETHUSDT", "a": 171019058, "p": "387.61000000", "q": "0.46339000", "f": 200710241, "l": 200710241, "T": 1604221383141, "m": false, "M": true}, {"e": "aggTrade", "E": 1604221383522, "s": "ETHUSDT", "a": 171019059, "p": "387.61000000", "q": "0.37100000", "f": 200710242, "l": 200710242, "T": 1604221383521, "m": false, "M": true}, {"e": "aggTrade", "E": 1604221383635, "s": "ETHUSDT", "a": 171019060, "p": "387.61000000", "q": "0.08095000", "f": 200710243, "l": 200710243, "T": 1604221383633, "m": false, "M": true}, {"e": "aggTrade", "E": 1604221383934, "s": "ETHUSDT", "a": 171019061, "p": "387.61000000", "q": "0.35400000", "f": 200710244, "l": 200710244, "T": 1604221383932, "m": false, "M": true}, {"e": "aggTrade", "E": 1604221384144, "s": "ETHUSDT", "a": 171019062, "p": "387.61000000", "q": "0.07100000", "f": 200710245, "l": 200710245, "T": 1604221384142, "m": false, "M": true}, {"e": "aggTrade", "E": 1604221387890, "s": "ETHUSDT", "a": 171019063, "p": "387.60000000", "q": "0.02833000", "f": 200710246, "l": 200710246, "T": 1604221387889, "m": true, "M": true}, {"e": "aggTrade", "E": 1604221388845, "s": "ETHUSDT", "a": 171019064, "p": "387.60000000", "q": "0.03101000", "f": 200710247, "l": 200710247, "T": 1604221388844, "m": true, "M": true}, {"e": "aggTrade", "E": 1604221388845, "s": "ETHUSDT", "a": 171019065, "p": "387.57000000", "q": "0.49399000", "f": 200710248, "l": 200710248, "T": 1604221388844, "m": true, "M": true}, {"e": "aggTrade", "E": 1604221389513, "s": "ETHUSDT", "a": 171019066, "p": "387.58000000", "q": "0.02938000", "f": 200710249, "l": 200710249, "T": 1604221389512, "m": false, "M": true}, {"e": "aggTrade", "E": 1604221393857, "s": "ETHUSDT", "a": 171019067, "p": "387.58000000", "q": "0.03000000", "f": 200710250, "l": 200710250, "T": 1604221393856, "m": false, "M": true}, {"e": "aggTrade", "E": 1604221395700, "s": "ETHUSDT", "a": 171019068, "p": "387.58000000", "q": "0.02929000", "f": 200710251, "l": 200710251, "T": 1604221395699, "m": false, "M": true}, {"e": "aggTrade", "E": 1604221396111, "s": "ETHUSDT", "a": 171019069, "p": "387.57000000", "q": "1.97250000", "f": 200710252, "l": 200710252, "T": 1604221396110, "m": true, "M": true}, {"e": "aggTrade", "E": 1604221397403, "s": "ETHUSDT", "a": 171019070, "p": "387.57000000", "q": "0.11219000", "f": 200710253, "l": 200710253, "T": 1604221397402, "m": true, "M": true}, {"e": "aggTrade", "E": 1604221397619, "s": "ETHUSDT", "a": 171019071, "p": "387.58000000", "q": "0.50000000", "f": 200710254, "l": 200710254, "T": 1604221397617, "m": false, "M": true}, {"e": "aggTrade", "E": 1604221398065, "s": "ETHUSDT", "a": 171019072, "p": "387.57000000", "q": "5.96700000", "f": 200710255, "l": 200710255, "T": 1604221398063, "m": true, "M": true}, {"e": "aggTrade", "E": 1604221403925, "s": "ETHUSDT", "a": 171019073, "p": "387.58000000", "q": "0.03110000", "f": 200710256, "l": 200710256, "T": 1604221403924, "m": false, "M": true}, {"e": "aggTrade", "E": 1604221408607, "s": "ETHUSDT", "a": 171019074, "p": "387.57000000", "q": "0.03700000", "f": 200710257, "l": 200710257, "T": 1604221408606, "m": true, "M": true}, {"e": "aggTrade", "E": 1604221408721, "s": "ETHUSDT", "a": 171019075, "p": "387.57000000", "q": "13.16024000", "f": 200710258, "l": 200710259, "T": 1604221408719, "m": true, "M": true}, {"e": "aggTrade", "E": 1604221408900, "s": "ETHUSDT", "a": 171019076, "p": "387.51000000", "q": "0.13593000", "f": 200710260, "l": 200710260, "T": 1604221408899, "m": false, "M": true}, {"e": "aggTrade", "E": 1604221408990, "s": "ETHUSDT", "a": 171019077, "p": "387.51000000", "q": "6.18839000", "f": 200710261, "l": 200710261, "T": 1604221408989, "m": false, "M": true}, {"e": "aggTrade", "E": 1604221409653, "s": "ETHUSDT", "a": 171019078, "p": "387.51000000", "q": "0.10601000", "f": 200710262, "l": 200710262, "T": 1604221409652, "m": false, "M": true}, {"e": "aggTrade", "E": 1604221409805, "s": "ETHUSDT", "a": 171019079, "p": "387.51000000", "q": "3.50000000", "f": 200710263, "l": 200710263, "T": 1604221409803, "m": false, "M": true}, {"e": "aggTrade", "E": 1604221412143, "s": "ETHUSDT", "a": 171019080, "p": "387.51000000", "q": "0.02966000", "f": 200710264, "l": 200710264, "T": 1604221412142, "m": false, "M": true}, {"e": "aggTrade", "E": 1604221417005, "s": "ETHUSDT", "a": 171019081, "p": "387.50000000", "q": "3.12713000", "f": 200710265, "l": 200710266, "T": 1604221417002, "m": true, "M": true}, {"e": "aggTrade", "E": 1604221417030, "s": "ETHUSDT", "a": 171019082, "p": "387.47000000", "q": "0.27789000", "f": 200710267, "l": 200710268, "T": 1604221417027, "m": true, "M": true}, {"e": "aggTrade", "E": 1604221417501, "s": "ETHUSDT", "a": 171019083, "p": "387.45000000", "q": "0.11677000", "f": 200710269, "l": 200710269, "T": 1604221417500, "m": false, "M": true}, {"e": "aggTrade", "E": 1604221417818, "s": "ETHUSDT", "a": 171019084, "p": "387.44000000", "q": "0.05000000", "f": 200710270, "l": 200710270, "T": 1604221417816, "m": true, "M": true}, {"e": "aggTrade", "E": 1604221417961, "s": "ETHUSDT", "a": 171019085, "p": "387.36000000", "q": "0.04000000", "f": 200710271, "l": 200710271, "T": 1604221417959, "m": false, "M": true}, {"e": "aggTrade", "E": 1604221418274, "s": "ETHUSDT", "a": 171019086, "p": "387.36000000", "q": "12.10500000", "f": 200710272, "l": 200710272, "T": 1604221418273, "m": false, "M": true}, {"e": "aggTrade", "E": 1604221418349, "s": "ETHUSDT", "a": 171019087, "p": "387.36000000", "q": "0.02865000", "f": 200710273, "l": 200710273, "T": 1604221418348, "m": false, "M": true}, {"e": "aggTrade", "E": 1604221418400, "s": "ETHUSDT", "a": 171019088, "p": "387.36000000", "q": "0.13683000", "f": 200710274, "l": 200710274, "T": 1604221418398, "m": false, "M": true}, {"e": "aggTrade", "E": 1604221421954, "s": "ETHUSDT", "a": 171019089, "p": "387.36000000", "q": "0.05000000", "f": 200710275, "l": 200710275, "T": 1604221421953, "m": false, "M": true}, {"e": "aggTrade", "E": 1604221426556, "s": "ETHUSDT", "a": 171019090, "p": "387.41000000", "q": "0.03098000", "f": 200710276, "l": 200710276, "T": 1604221426555, "m": false, "M": true}, {"e": "aggTrade", "E": 1604221430388, "s": "ETHUSDT", "a": 171019091, "p": "387.40000000", "q": "1.68400000", "f": 200710277, "l": 200710277, "T": 1604221430386, "m": true, "M": true}, {"e": "aggTrade", "E": 1604221433558, "s": "ETHUSDT", "a": 171019092, "p": "387.43000000", "q": "0.72197000", "f": 200710278, "l": 200710278, "T": 1604221433557, "m": true, "M": true}, {"e": "aggTrade", "E": 1604221433570, "s": "ETHUSDT", "a": 171019093, "p": "387.44000000", "q": "0.07660000", "f": 200710279, "l": 200710279, "T": 1604221433569, "m": false, "M": true}, {"e": "aggTrade", "E": 1604221433767, "s": "ETHUSDT", "a": 171019094, "p": "387.47000000", "q": "0.10000000", "f": 200710280, "l": 200710280, "T": 1604221433766, "m": true, "M": true}, {"e": "aggTrade", "E": 1604221434821, "s": "ETHUSDT", "a": 171019095, "p": "387.48000000", "q": "0.02909000", "f": 200710281, "l": 200710281, "T": 1604221434820, "m": false, "M": true}, {"e": "aggTrade", "E": 1604221436423, "s": "ETHUSDT", "a": 171019096, "p": "387.40000000", "q": "1.94640000", "f": 200710282, "l": 200710282, "T": 1604221436422, "m": false, "M": true}, {"e": "aggTrade", "E": 1604221436516, "s": "ETHUSDT", "a": 171019097, "p": "387.40000000", "q": "5.64600000", "f": 200710283, "l": 200710283, "T": 1604221436515, "m": false, "M": true}, {"e": "aggTrade", "E": 1604221437169, "s": "ETHUSDT", "a": 171019098, "p": "387.43000000", "q": "5.00000000", "f": 200710284, "l": 200710284, "T": 1604221437168, "m": true, "M": true}, {"e": "aggTrade", "E": 1604221439928, "s": "ETHUSDT", "a": 171019099, "p": "387.38000000", "q": "0.90956000", "f": 200710285, "l": 200710285, "T": 1604221439927, "m": false, "M": true}, {"e": "aggTrade", "E": 1604221440008, "s": "ETHUSDT", "a": 171019100, "p": "387.38000000", "q": "0.31900000", "f": 200710286, "l": 200710286, "T": 1604221440007, "m": false, "M": true}, {"e": "aggTrade", "E": 1604221440116, "s": "ETHUSDT", "a": 171019101, "p": "387.38000000", "q": "0.07738000", "f": 200710287, "l": 200710287, "T": 1604221440115, "m": false, "M": true}, {"e": "aggTrade", "E": 1604221442114, "s": "ETHUSDT", "a": 171019102, "p": "387.38000000", "q": "0.04552000", "f": 200710288, "l": 200710288, "T": 1604221442108, "m": false, "M": true}, {"e": "aggTrade", "E": 1604221443078, "s": "ETHUSDT", "a": 171019103, "p": "387.38000000", "q": "0.02926000", "f": 200710289, "l": 200710289, "T": 1604221443077, "m": false, "M": true}, {"e": "aggTrade", "E": 1604221447802, "s": "ETHUSDT", "a": 171019104, "p": "387.34000000", "q": "0.94851000", "f": 200710290, "l": 200710290, "T": 1604221447801, "m": false, "M": true}, {"e": "aggTrade", "E": 1604221448035, "s": "ETHUSDT", "a": 171019105, "p": "387.31000000", "q": "1.94700000", "f": 200710291, "l": 200710291, "T": 1604221448033, "m": false, "M": true}, {"e": "aggTrade", "E": 1604221448121, "s": "ETHUSDT", "a": 171019106, "p": "387.31000000", "q": "3.28000000", "f": 200710292, "l": 200710293, "T": 1604221448119, "m": false, "M": true}, {"e": "aggTrade", "E": 1604221448214, "s": "ETHUSDT", "a": 171019107, "p": "387.31000000", "q": "5.75353000", "f": 200710294, "l": 200710295, "T": 1604221448212, "m": false, "M": true}, {"e": "aggTrade", "E": 1604221448648, "s": "ETHUSDT", "a": 171019108, "p": "387.28000000", "q": "0.90970000", "f": 200710296, "l": 200710296, "T": 1604221448647, "m": false, "M": true}, {"e": "aggTrade", "E": 1604221448773, "s": "ETHUSDT", "a": 171019109, "p": "387.31000000", "q": "1.94700000", "f": 200710297, "l": 200710297, "T": 1604221448772, "m": false, "M": true}, {"e": "aggTrade", "E": 1604221450947, "s": "ETHUSDT", "a": 171019110, "p": "387.30000000", "q": "0.25611000", "f": 200710298, "l": 200710298, "T": 1604221450946, "m": false, "M": true}, {"e": "aggTrade", "E": 1604221451283, "s": "ETHUSDT", "a": 171019111, "p": "387.30000000", "q": "0.02858000", "f": 200710299, "l": 200710299, "T": 1604221451282, "m": false, "M": true}, {"e": "aggTrade", "E": 1604221453426, "s": "ETHUSDT", "a": 171019112, "p": "387.30000000", "q": "11.06700000", "f": 200710300, "l": 200710301, "T": 1604221453424, "m": false, "M": true}, {"e": "aggTrade", "E": 1604221453582, "s": "ETHUSDT", "a": 171019113, "p": "387.29000000", "q": "0.05000000", "f": 200710302, "l": 200710302, "T": 1604221453581, "m": true, "M": true}, {"e": "aggTrade", "E": 1604221453696, "s": "ETHUSDT", "a": 171019114, "p": "387.27000000", "q": "0.31900000", "f": 200710303, "l": 200710303, "T": 1604221453695, "m": false, "M": true}, {"e": "aggTrade", "E": 1604221453804, "s": "ETHUSDT", "a": 171019115, "p": "387.26000000", "q": "0.05000000", "f": 200710304, "l": 200710304, "T": 1604221453803, "m": true, "M": true}, {"e": "aggTrade", "E": 1604221453905, "s": "ETHUSDT", "a": 171019116, "p": "387.16000000", "q": "0.13683000", "f": 200710305, "l": 200710305, "T": 1604221453903, "m": false, "M": true}, {"e": "aggTrade", "E": 1604221454007, "s": "ETHUSDT", "a": 171019117, "p": "387.15000000", "q": "3.80000000", "f": 200710306, "l": 200710306, "T": 1604221454005, "m": false, "M": true}, {"e": "aggTrade", "E": 1604221454122, "s": "ETHUSDT", "a": 171019118, "p": "387.15000000", "q": "6.20000000", "f": 200710307, "l": 200710307, "T": 1604221454120, "m": false, "M": true}, {"e": "aggTrade", "E": 1604221454754, "s": "ETHUSDT", "a": 171019119, "p": "387.20000000", "q": "0.09600000", "f": 200710308, "l": 200710308, "T": 1604221454752, "m": false, "M": true}, {"e": "aggTrade", "E": 1604221454992, "s": "ETHUSDT", "a": 171019120, "p": "387.19000000", "q": "0.10000000", "f": 200710309, "l": 200710309, "T": 1604221454991, "m": true, "M": true}, {"e": "aggTrade", "E": 1604221455973, "s": "ETHUSDT", "a": 171019121, "p": "387.20000000", "q": "0.90224000", "f": 200710310, "l": 200710310, "T": 1604221455971, "m": false, "M": true}, {"e": "aggTrade", "E": 1604221457293, "s": "ETHUSDT", "a": 171019122, "p": "387.19000000", "q": "0.89498000", "f": 200710311, "l": 200710311, "T": 1604221457292, "m": true, "M": true}, {"e": "aggTrade", "E": 1604221457406, "s": "ETHUSDT", "a": 171019123, "p": "387.17000000", "q": "0.17950000", "f": 200710312, "l": 200710312, "T": 1604221457404, "m": false, "M": true}, {"e": "aggTrade", "E": 1604221457482, "s": "ETHUSDT", "a": 171019124, "p": "387.17000000", "q": "0.05288000", "f": 200710313, "l": 200710313, "T": 1604221457480, "m": false, "M": true}, {"e": "aggTrade", "E": 1604221459499, "s": "ETHUSDT", "a": 171019125, "p": "387.17000000", "q": "0.02875000", "f": 200710314, "l": 200710314, "T": 1604221459498, "m": false, "M": true}, {"e": "aggTrade", "E": 1604221459530, "s": "ETHUSDT", "a": 171019126, "p": "387.16000000", "q": "1.90967000", "f": 200710315, "l": 200710315, "T": 1604221459529, "m": true, "M": true}, {"e": "aggTrade", "E": 1604221461891, "s": "ETHUSDT", "a": 171019127, "p": "387.16000000", "q": "0.13374000", "f": 200710316, "l": 200710316, "T": 1604221461890, "m": true, "M": true}, {"e": "aggTrade", "E": 1604221462293, "s": "ETHUSDT", "a": 171019128, "p": "387.16000000", "q": "0.31900000", "f": 200710317, "l": 200710317, "T": 1604221462292, "m": false, "M": true}, {"e": "aggTrade", "E": 1604221464181, "s": "ETHUSDT", "a": 171019129, "p": "387.14000000", "q": "0.80030000", "f": 200710318, "l": 200710318, "T": 1604221464180, "m": false, "M": true}, {"e": "aggTrade", "E": 1604221464284, "s": "ETHUSDT", "a": 171019130, "p": "387.14000000", "q": "0.10500000", "f": 200710319, "l": 200710319, "T": 1604221464282, "m": false, "M": true}, {"e": "aggTrade", "E": 1604221464388, "s": "ETHUSDT", "a": 171019131, "p": "387.14000000", "q": "0.10500000", "f": 200710320, "l": 200710320, "T": 1604221464387, "m": false, "M": true}, {"e": "aggTrade", "E": 1604221465441, "s": "ETHUSDT", "a": 171019132, "p": "387.16000000", "q": "1.26000000", "f": 200710321, "l": 200710321, "T": 1604221465438, "m": false, "M": true}, {"e": "aggTrade", "E": 1604221465570, "s": "ETHUSDT", "a": 171019133, "p": "387.17000000", "q": "0.08928000", "f": 200710322, "l": 200710322, "T": 1604221465568, "m": false, "M": true}, {"e": "aggTrade", "E": 1604221465580, "s": "ETHUSDT", "a": 171019134, "p": "387.19000000", "q": "0.11219000", "f": 200710323, "l": 200710323, "T": 1604221465579, "m": false, "M": true}, {"e": "aggTrade", "E": 1604221465643, "s": "ETHUSDT", "a": 171019135, "p": "387.21000000", "q": "0.15266000", "f": 200710324, "l": 200710324, "T": 1604221465641, "m": false, "M": true}, {"e": "aggTrade", "E": 1604221465677, "s": "ETHUSDT", "a": 171019136, "p": "387.23000000", "q": "0.90991000", "f": 200710325, "l": 200710325, "T": 1604221465675, "m": true, "M": true}, {"e": "aggTrade", "E": 1604221465783, "s": "ETHUSDT", "a": 171019137, "p": "387.28000000", "q": "5.11400000", "f": 200710326, "l": 200710327, "T": 1604221465782, "m": true, "M": true}, {"e": "aggTrade", "E": 1604221465881, "s": "ETHUSDT", "a": 171019138, "p": "387.28000000", "q": "0.10000000", "f": 200710328, "l": 200710328, "T": 1604221465880, "m": true, "M": true}, {"e": "aggTrade", "E": 1604221465975, "s": "ETHUSDT", "a": 171019139, "p": "387.28000000", "q": "0.85000000", "f": 200710329, "l": 200710329, "T": 1604221465974, "m": true, "M": true}, {"e": "aggTrade", "E": 1604221467726, "s": "ETHUSDT", "a": 171019140, "p": "387.27000000", "q": "0.02998000", "f": 200710330, "l": 200710330, "T": 1604221467725, "m": false, "M": true}, {"e": "aggTrade", "E": 1604221469360, "s": "ETHUSDT", "a": 171019141, "p": "387.25000000", "q": "4.15060000", "f": 200710331, "l": 200710331, "T": 1604221469359, "m": true, "M": true}, {"e": "aggTrade", "E": 1604221470511, "s": "ETHUSDT", "a": 171019142, "p": "387.20000000", "q": "3.60900000", "f": 200710332, "l": 200710332, "T": 1604221470510, "m": false, "M": true}, {"e": "aggTrade", "E": 1604221470606, "s": "ETHUSDT", "a": 171019143, "p": "387.20000000", "q": "1.00000000", "f": 200710333, "l": 200710333, "T": 1604221470605, "m": false, "M": true}, {"e": "aggTrade", "E": 1604221470706, "s": "ETHUSDT", "a": 171019144, "p": "387.20000000", "q": "0.27831000", "f": 200710334, "l": 200710334, "T": 1604221470705, "m": false, "M": true}, {"e": "aggTrade", "E": 1604221471432, "s": "ETHUSDT", "a": 171019145, "p": "387.18000000", "q": "0.31900000", "f": 200710335, "l": 200710335, "T": 1604221471431, "m": false, "M": true}, {"e": "aggTrade", "E": 1604221471536, "s": "ETHUSDT", "a": 171019146, "p": "387.18000000", "q": "0.07100000", "f": 200710336, "l": 200710336, "T": 1604221471535, "m": false, "M": true}, {"e": "aggTrade", "E": 1604221471653, "s": "ETHUSDT", "a": 171019147, "p": "387.18000000", "q": "0.10500000", "f": 200710337, "l": 200710337, "T": 1604221471652, "m": false, "M": true}, {"e": "aggTrade", "E": 1604221471765, "s": "ETHUSDT", "a": 171019148, "p": "387.18000000", "q": "0.07742000", "f": 200710338, "l": 200710338, "T": 1604221471764, "m": false, "M": true}, {"e": "aggTrade", "E": 1604221473343, "s": "ETHUSDT", "a": 171019149, "p": "387.16000000", "q": "0.31900000", "f": 200710339, "l": 200710339, "T": 1604221473341, "m": false, "M": true}, {"e": "aggTrade", "E": 1604221473450, "s": "ETHUSDT", "a": 171019150, "p": "387.15000000", "q": "5.00000000", "f": 200710340, "l": 200710340, "T": 1604221473448, "m": false, "M": true}, {"e": "aggTrade", "E": 1604221473551, "s": "ETHUSDT", "a": 171019151, "p": "387.16000000", "q": "19.29600000", "f": 200710341, "l": 200710341, "T": 1604221473549, "m": false, "M": true}, {"e": "aggTrade", "E": 1604221474597, "s": "ETHUSDT", "a": 171019152, "p": "387.16000000", "q": "0.35978000", "f": 200710342, "l": 200710342, "T": 1604221474596, "m": false, "M": true}, {"e": "aggTrade", "E": 1604221474705, "s": "ETHUSDT", "a": 171019153, "p": "387.16000000", "q": "0.25200000", "f": 200710343, "l": 200710343, "T": 1604221474704, "m": false, "M": true}, {"e": "aggTrade", "E": 1604221474809, "s": "ETHUSDT", "a": 171019154, "p": "387.16000000", "q": "0.13596000", "f": 200710344, "l": 200710344, "T": 1604221474807, "m": false, "M": true}, {"e": "aggTrade", "E": 1604221475121, "s": "ETHUSDT", "a": 171019155, "p": "387.16000000", "q": "0.46200000", "f": 200710345, "l": 200710345, "T": 1604221475120, "m": false, "M": true}, {"e": "aggTrade", "E": 1604221475396, "s": "ETHUSDT", "a": 171019156, "p": "387.15000000", "q": "1.46014000", "f": 200710346, "l": 200710346, "T": 1604221475395, "m": true, "M": true}, {"e": "aggTrade", "E": 1604221475649, "s": "ETHUSDT", "a": 171019157, "p": "387.16000000", "q": "0.31900000", "f": 200710347, "l": 200710347, "T": 1604221475648, "m": false, "M": true}, {"e": "aggTrade", "E": 1604221476045, "s": "ETHUSDT", "a": 171019158, "p": "387.16000000", "q": "0.02994000", "f": 200710348, "l": 200710348, "T": 1604221476044, "m": false, "M": true}, {"e": "aggTrade", "E": 1604221476728, "s": "ETHUSDT", "a": 171019159, "p": "387.16000000", "q": "1.06959000", "f": 200710349, "l": 200710349, "T": 1604221476727, "m": false, "M": true}, {"e": "aggTrade", "E": 1604221476808, "s": "ETHUSDT", "a": 171019160, "p": "387.16000000", "q": "0.31900000", "f": 200710350, "l": 200710350, "T": 1604221476806, "m": false, "M": true}, {"e": "aggTrade", "E": 1604221476897, "s": "ETHUSDT", "a": 171019161, "p": "387.16000000", "q": "0.07100000", "f": 200710351, "l": 200710351, "T": 1604221476895, "m": false, "M": true}, {"e": "aggTrade", "E": 1604221479304, "s": "ETHUSDT", "a": 171019162, "p": "387.14000000", "q": "0.37300000", "f": 200710352, "l": 200710352, "T": 1604221479302, "m": false, "M": true}, {"e": "aggTrade", "E": 1604221479409, "s": "ETHUSDT", "a": 171019163, "p": "387.14000000", "q": "0.61100000", "f": 200710353, "l": 200710353, "T": 1604221479407, "m": false, "M": true}, {"e": "aggTrade", "E": 1604221479512, "s": "ETHUSDT", "a": 171019164, "p": "387.14000000", "q": "0.13683000", "f": 200710354, "l": 200710354, "T": 1604221479511, "m": false, "M": true}, {"e": "aggTrade", "E": 1604221479825, "s": "ETHUSDT", "a": 171019165, "p": "387.14000000", "q": "0.34500000", "f": 200710355, "l": 200710355, "T": 1604221479824, "m": false, "M": true}, {"e": "aggTrade", "E": 1604221480588, "s": "ETHUSDT", "a": 171019166, "p": "387.16000000", "q": "0.72926000", "f": 200710356, "l": 200710356, "T": 1604221480585, "m": false, "M": true}, {"e": "aggTrade", "E": 1604221481835, "s": "ETHUSDT", "a": 171019167, "p": "387.15000000", "q": "6.45644000", "f": 200710357, "l": 200710358, "T": 1604221481834, "m": true, "M": true}, {"e": "aggTrade", "E": 1604221482314, "s": "ETHUSDT", "a": 171019168, "p": "387.11000000", "q": "1.28916000", "f": 200710359, "l": 200710359, "T": 1604221482312, "m": true, "M": true}, {"e": "aggTrade", "E": 1604221482535, "s": "ETHUSDT", "a": 171019169, "p": "387.10000000", "q": "1.94760000", "f": 200710360, "l": 200710360, "T": 1604221482534, "m": false, "M": true}, {"e": "aggTrade", "E": 1604221482838, "s": "ETHUSDT", "a": 171019170, "p": "387.10000000", "q": "3.28000000", "f": 200710361, "l": 200710361, "T": 1604221482836, "m": false, "M": true}, {"e": "aggTrade", "E": 1604221483209, "s": "ETHUSDT", "a": 171019171, "p": "387.10000000", "q": "1.07941000", "f": 200710362, "l": 200710362, "T": 1604221483207, "m": false, "M": true}, {"e": "aggTrade", "E": 1604221483224, "s": "ETHUSDT", "a": 171019172, "p": "387.09000000", "q": "6.00000000", "f": 200710363, "l": 200710363, "T": 1604221483222, "m": true, "M": true}, {"e": "aggTrade", "E": 1604221483306, "s": "ETHUSDT", "a": 171019173, "p": "387.10000000", "q": "0.10500000", "f": 200710364, "l": 200710364, "T": 1604221483304, "m": false, "M": true}, {"e": "aggTrade", "E": 1604221483448, "s": "ETHUSDT", "a": 171019174, "p": "387.10000000", "q": "0.17723000", "f": 200710365, "l": 200710365, "T": 1604221483447, "m": false, "M": true}, {"e": "aggTrade", "E": 1604221484259, "s": "ETHUSDT", "a": 171019175, "p": "387.10000000", "q": "0.03080000", "f": 200710366, "l": 200710366, "T": 1604221484258, "m": false, "M": true}, {"e": "aggTrade", "E": 1604221484393, "s": "ETHUSDT", "a": 171019176, "p": "387.09000000", "q": "5.31000000", "f": 200710367, "l": 200710368, "T": 1604221484391, "m": true, "M": true}, {"e": "aggTrade", "E": 1604221484579, "s": "ETHUSDT", "a": 171019177, "p": "387.08000000", "q": "5.00000000", "f": 200710369, "l": 200710369, "T": 1604221484578, "m": false, "M": true}, {"e": "aggTrade", "E": 1604221485751, "s": "ETHUSDT", "a": 171019178, "p": "387.08000000", "q": "3.00000000", "f": 200710370, "l": 200710370, "T": 1604221485750, "m": true, "M": true}, {"e": "aggTrade", "E": 1604221485864, "s": "ETHUSDT", "a": 171019179, "p": "387.08000000", "q": "3.00000000", "f": 200710371, "l": 200710371, "T": 1604221485862, "m": true, "M": true}, {"e": "aggTrade", "E": 1604221486922, "s": "ETHUSDT", "a": 171019180, "p": "387.10000000", "q": "0.05160000", "f": 200710372, "l": 200710372, "T": 1604221486921, "m": false, "M": true}, {"e": "aggTrade", "E": 1604221486975, "s": "ETHUSDT", "a": 171019181, "p": "387.09000000", "q": "0.10000000", "f": 200710373, "l": 200710373, "T": 1604221486975, "m": true, "M": true}, {"e": "aggTrade", "E": 1604221487030, "s": "ETHUSDT", "a": 171019182, "p": "387.09000000", "q": "5.64300000", "f": 200710374, "l": 200710375, "T": 1604221487029, "m": true, "M": true}, {"e": "aggTrade", "E": 1604221492471, "s": "ETHUSDT", "a": 171019183, "p": "387.10000000", "q": "0.03111000", "f": 200710376, "l": 200710376, "T": 1604221492470, "m": false, "M": true}, {"e": "aggTrade", "E": 1604221493497, "s": "ETHUSDT", "a": 171019184, "p": "387.13000000", "q": "0.24100000", "f": 200710377, "l": 200710377, "T": 1604221493495, "m": true, "M": true}, {"e": "aggTrade", "E": 1604221493701, "s": "ETHUSDT", "a": 171019185, "p": "387.13000000", "q": "6.62200000", "f": 200710378, "l": 200710379, "T": 1604221493700, "m": true, "M": true}, {"e": "aggTrade", "E": 1604221494155, "s": "ETHUSDT", "a": 171019186, "p": "387.13000000", "q": "0.72600000", "f": 200710380, "l": 200710380, "T": 1604221494154, "m": true, "M": true}, {"e": "aggTrade", "E": 1604221500678, "s": "ETHUSDT", "a": 171019187, "p": "387.14000000", "q": "0.02945000", "f": 200710381, "l": 200710381, "T": 1604221500677, "m": false, "M": true}, {"e": "aggTrade", "E": 1604221502785, "s": "ETHUSDT", "a": 171019188, "p": "387.14000000", "q": "0.02349000", "f": 200710382, "l": 200710382, "T": 1604221502784, "m": false, "M": true}, {"e": "aggTrade", "E": 1604221505814, "s": "ETHUSDT", "a": 171019189, "p": "387.15000000", "q": "1.00000000", "f": 200710383, "l": 200710383, "T": 1604221505813, "m": false, "M": true}, {"e": "aggTrade", "E": 1604221506556, "s": "ETHUSDT", "a": 171019190, "p": "387.15000000", "q": "0.15420000", "f": 200710384, "l": 200710384, "T": 1604221506555, "m": false, "M": true}, {"e": "aggTrade", "E": 1604221508925, "s": "ETHUSDT", "a": 171019191, "p": "387.15000000", "q": "0.03037000", "f": 200710385, "l": 200710385, "T": 1604221508924, "m": false, "M": true}, {"e": "aggTrade", "E": 1604221509495, "s": "ETHUSDT", "a": 171019192, "p": "387.14000000", "q": "0.03861000", "f": 200710386, "l": 200710386, "T": 1604221509494, "m": true, "M": true}, {"e": "aggTrade", "E": 1604221511207, "s": "ETHUSDT", "a": 171019193, "p": "387.15000000", "q": "0.92900000", "f": 200710387, "l": 200710387, "T": 1604221511206, "m": false, "M": true}, {"e": "aggTrade", "E": 1604221513054, "s": "ETHUSDT", "a": 171019194, "p": "387.14000000", "q": "0.06982000", "f": 200710388, "l": 200710388, "T": 1604221513053, "m": true, "M": true}, {"e": "aggTrade", "E": 1604221517123, "s": "ETHUSDT", "a": 171019195, "p": "387.15000000", "q": "0.00085000", "f": 200710389, "l": 200710389, "T": 1604221517122, "m": false, "M": true}, {"e": "aggTrade", "E": 1604221517123, "s": "ETHUSDT", "a": 171019196, "p": "387.19000000", "q": "0.02941000", "f": 200710390, "l": 200710390, "T": 1604221517122, "m": false, "M": true}, {"e": "aggTrade", "E": 1604221517687, "s": "ETHUSDT", "a": 171019197, "p": "387.18000000", "q": "0.11219000", "f": 200710391, "l": 200710391, "T": 1604221517686, "m": true, "M": true}, {"e": "aggTrade", "E": 1604221518578, "s": "ETHUSDT", "a": 171019198, "p": "387.16000000", "q": "2.14000000", "f": 200710392, "l": 200710392, "T": 1604221518577, "m": false, "M": true}, {"e": "aggTrade", "E": 1604221519930, "s": "ETHUSDT", "a": 171019199, "p": "387.16000000", "q": "16.07900000", "f": 200710393, "l": 200710394, "T": 1604221519929, "m": false, "M": true}, {"e": "aggTrade", "E": 1604221520045, "s": "ETHUSDT", "a": 171019200, "p": "387.16000000", "q": "0.26200000", "f": 200710395, "l": 200710395, "T": 1604221520043, "m": false, "M": true}, {"e": "aggTrade", "E": 1604221520296, "s": "ETHUSDT", "a": 171019201, "p": "387.15000000", "q": "0.11270000", "f": 200710396, "l": 200710396, "T": 1604221520295, "m": true, "M": true}, {"e": "aggTrade", "E": 1604221520395, "s": "ETHUSDT", "a": 171019202, "p": "387.15000000", "q": "1.51533000", "f": 200710397, "l": 200710397, "T": 1604221520394, "m": true, "M": true}, {"e": "aggTrade", "E": 1604221521657, "s": "ETHUSDT", "a": 171019203, "p": "387.15000000", "q": "0.12839000", "f": 200710398, "l": 200710398, "T": 1604221521656, "m": true, "M": true}, {"e": "aggTrade", "E": 1604221521690, "s": "ETHUSDT", "a": 171019204, "p": "387.15000000", "q": "0.22805000", "f": 200710399, "l": 200710399, "T": 1604221521689, "m": true, "M": true}, {"e": "aggTrade", "E": 1604221524563, "s": "ETHUSDT", "a": 171019205, "p": "387.14000000", "q": "0.05009000", "f": 200710400, "l": 200710400, "T": 1604221524561, "m": true, "M": true}, {"e": "aggTrade", "E": 1604221525109, "s": "ETHUSDT", "a": 171019206, "p": "387.14000000", "q": "3.62700000", "f": 200710401, "l": 200710401, "T": 1604221525108, "m": true, "M": true}, {"e": "aggTrade", "E": 1604221525222, "s": "ETHUSDT", "a": 171019207, "p": "387.14000000", "q": "5.00000000", "f": 200710402, "l": 200710403, "T": 1604221525220, "m": true, "M": true}, {"e": "aggTrade", "E": 1604221525264, "s": "ETHUSDT", "a": 171019208, "p": "387.15000000", "q": "0.20000000", "f": 200710404, "l": 200710404, "T": 1604221525263, "m": false, "M": true}, {"e": "aggTrade", "E": 1604221525388, "s": "ETHUSDT", "a": 171019209, "p": "387.13000000", "q": "0.02941000", "f": 200710405, "l": 200710405, "T": 1604221525387, "m": false, "M": true}, {"e": "aggTrade", "E": 1604221530548, "s": "ETHUSDT", "a": 171019210, "p": "387.12000000", "q": "0.40000000", "f": 200710406, "l": 200710406, "T": 1604221530547, "m": true, "M": true}, {"e": "aggTrade", "E": 1604221530677, "s": "ETHUSDT", "a": 171019211, "p": "387.10000000", "q": "0.26167000", "f": 200710407, "l": 200710407, "T": 1604221530675, "m": false, "M": true}, {"e": "aggTrade", "E": 1604221531031, "s": "ETHUSDT", "a": 171019212, "p": "387.09000000", "q": "0.83910000", "f": 200710408, "l": 200710408, "T": 1604221531030, "m": true, "M": true}, {"e": "aggTrade", "E": 1604221532634, "s": "ETHUSDT", "a": 171019213, "p": "387.11000000", "q": "1.47777000", "f": 200710409, "l": 200710409, "T": 1604221532633, "m": false, "M": true}, {"e": "aggTrade", "E": 1604221533594, "s": "ETHUSDT", "a": 171019214, "p": "387.11000000", "q": "0.02847000", "f": 200710410, "l": 200710410, "T": 1604221533593, "m": false, "M": true}, {"e": "aggTrade", "E": 1604221535026, "s": "ETHUSDT", "a": 171019215, "p": "387.10000000", "q": "0.61859000", "f": 200710411, "l": 200710411, "T": 1604221535025, "m": true, "M": true}, {"e": "aggTrade", "E": 1604221536969, "s": "ETHUSDT", "a": 171019216, "p": "387.10000000", "q": "0.05160000", "f": 200710412, "l": 200710412, "T": 1604221536968, "m": false, "M": true}, {"e": "aggTrade", "E": 1604221537101, "s": "ETHUSDT", "a": 171019217, "p": "387.11000000", "q": "1.00000000", "f": 200710413, "l": 200710413, "T": 1604221537100, "m": false, "M": true}, {"e": "aggTrade", "E": 1604221539785, "s": "ETHUSDT", "a": 171019218, "p": "387.15000000", "q": "0.02853000", "f": 200710414, "l": 200710414, "T": 1604221539783, "m": false, "M": true}, {"e": "aggTrade", "E": 1604221540561, "s": "ETHUSDT", "a": 171019219, "p": "387.15000000", "q": "5.15394000", "f": 200710415, "l": 200710416, "T": 1604221540560, "m": false, "M": true}, {"e": "aggTrade", "E": 1604221540884, "s": "ETHUSDT", "a": 171019220, "p": "387.15000000", "q": "0.12951000", "f": 200710417, "l": 200710417, "T": 1604221540883, "m": false, "M": true}, {"e": "aggTrade", "E": 1604221548002, "s": "ETHUSDT", "a": 171019221, "p": "387.11000000", "q": "0.02998000", "f": 200710418, "l": 200710418, "T": 1604221548001, "m": false, "M": true}, {"e": "aggTrade", "E": 1604221548046, "s": "ETHUSDT", "a": 171019222, "p": "387.11000000", "q": "0.20344000", "f": 200710419, "l": 200710419, "T": 1604221548044, "m": false, "M": true}, {"e": "aggTrade", "E": 1604221549814, "s": "ETHUSDT", "a": 171019223, "p": "387.08000000", "q": "1.13841000", "f": 200710420, "l": 200710420, "T": 1604221549813, "m": false, "M": true}, {"e": "aggTrade", "E": 1604221551976, "s": "ETHUSDT", "a": 171019224, "p": "387.10000000", "q": "0.05160000", "f": 200710421, "l": 200710421, "T": 1604221551974, "m": false, "M": true}, {"e": "aggTrade", "E": 1604221552627, "s": "ETHUSDT", "a": 171019225, "p": "387.09000000", "q": "10.96301000", "f": 200710422, "l": 200710423, "T": 1604221552626, "m": true, "M": true}, {"e": "aggTrade", "E": 1604221556264, "s": "ETHUSDT", "a": 171019226, "p": "387.09000000", "q": "0.03055000", "f": 200710424, "l": 200710424, "T": 1604221556263, "m": false, "M": true}, {"e": "aggTrade", "E": 1604221557046, "s": "ETHUSDT", "a": 171019227, "p": "387.08000000", "q": "0.03875000", "f": 200710425, "l": 200710425, "T": 1604221557045, "m": true, "M": true}, {"e": "aggTrade", "E": 1604221557083, "s": "ETHUSDT", "a": 171019228, "p": "387.09000000", "q": "0.05160000", "f": 200710426, "l": 200710426, "T": 1604221557083, "m": false, "M": true}, {"e": "aggTrade", "E": 1604221562324, "s": "ETHUSDT", "a": 171019229, "p": "387.09000000", "q": "0.05116000", "f": 200710427, "l": 200710427, "T": 1604221562323, "m": false, "M": true}, {"e": "aggTrade", "E": 1604221562580, "s": "ETHUSDT", "a": 171019230, "p": "387.08000000", "q": "0.34800000", "f": 200710428, "l": 200710428, "T": 1604221562579, "m": true, "M": true}, {"e": "aggTrade", "E": 1604221563893, "s": "ETHUSDT", "a": 171019231, "p": "387.08000000", "q": "1.63680000", "f": 200710429, "l": 200710429, "T": 1604221563892, "m": true, "M": true}, {"e": "aggTrade", "E": 1604221564443, "s": "ETHUSDT", "a": 171019232, "p": "387.09000000", "q": "0.03094000", "f": 200710430, "l": 200710430, "T": 1604221564442, "m": false, "M": true}, {"e": "aggTrade", "E": 1604221565066, "s": "ETHUSDT", "a": 171019233, "p": "387.09000000", "q": "0.23611000", "f": 200710431, "l": 200710432, "T": 1604221565065, "m": false, "M": true}, {"e": "aggTrade", "E": 1604221565128, "s": "ETHUSDT", "a": 171019234, "p": "387.09000000", "q": "0.05160000", "f": 200710433, "l": 200710433, "T": 1604221565127, "m": false, "M": true}, {"e": "aggTrade", "E": 1604221565186, "s": "ETHUSDT", "a": 171019235, "p": "387.09000000", "q": "0.48173000", "f": 200710434, "l": 200710434, "T": 1604221565185, "m": false, "M": true}, {"e": "aggTrade", "E": 1604221565402, "s": "ETHUSDT", "a": 171019236, "p": "387.13000000", "q": "1.66386000", "f": 200710435, "l": 200710435, "T": 1604221565401, "m": true, "M": true}, {"e": "aggTrade", "E": 1604221565495, "s": "ETHUSDT", "a": 171019237, "p": "387.10000000", "q": "2.05900000", "f": 200710436, "l": 200710436, "T": 1604221565493, "m": true, "M": true}, {"e": "aggTrade", "E": 1604221565591, "s": "ETHUSDT", "a": 171019238, "p": "387.10000000", "q": "0.31900000", "f": 200710437, "l": 200710438, "T": 1604221565590, "m": true, "M": true}, {"e": "aggTrade", "E": 1604221569791, "s": "ETHUSDT", "a": 171019239, "p": "387.08000000", "q": "0.57906000", "f": 200710439, "l": 200710439, "T": 1604221569790, "m": false, "M": true}, {"e": "aggTrade", "E": 1604221570863, "s": "ETHUSDT", "a": 171019240, "p": "387.08000000", "q": "0.05160000", "f": 200710440, "l": 200710440, "T": 1604221570862, "m": false, "M": true}, {"e": "aggTrade", "E": 1604221572643, "s": "ETHUSDT", "a": 171019241, "p": "387.08000000", "q": "0.03033000", "f": 200710441, "l": 200710441, "T": 1604221572642, "m": false, "M": true}, {"e": "aggTrade", "E": 1604221576440, "s": "ETHUSDT", "a": 171019242, "p": "387.07000000", "q": "0.56700000", "f": 200710442, "l": 200710443, "T": 1604221576438, "m": true, "M": true}, {"e": "aggTrade", "E": 1604221576525, "s": "ETHUSDT", "a": 171019243, "p": "387.07000000", "q": "0.31900000", "f": 200710444, "l": 200710444, "T": 1604221576523, "m": true, "M": true}, {"e": "aggTrade", "E": 1604221576632, "s": "ETHUSDT", "a": 171019244, "p": "387.07000000", "q": "0.28400000", "f": 200710445, "l": 200710445, "T": 1604221576630, "m": true, "M": true}, {"e": "aggTrade", "E": 1604221576741, "s": "ETHUSDT", "a": 171019245, "p": "387.07000000", "q": "0.85100000", "f": 200710446, "l": 200710446, "T": 1604221576739, "m": true, "M": true}, {"e": "aggTrade", "E": 1604221576935, "s": "ETHUSDT", "a": 171019246, "p": "387.08000000", "q": "3.14000000", "f": 200710447, "l": 200710448, "T": 1604221576934, "m": false, "M": true}, {"e": "aggTrade", "E": 1604221577828, "s": "ETHUSDT", "a": 171019247, "p": "387.07000000", "q": "0.11219000", "f": 200710449, "l": 200710449, "T": 1604221577827, "m": true, "M": true}, {"e": "aggTrade", "E": 1604221578002, "s": "ETHUSDT", "a": 171019248, "p": "387.06000000", "q": "5.00000000", "f": 200710450, "l": 200710450, "T": 1604221578001, "m": false, "M": true}, {"e": "aggTrade", "E": 1604221578088, "s": "ETHUSDT", "a": 171019249, "p": "387.07000000", "q": "3.00315000", "f": 200710451, "l": 200710451, "T": 1604221578087, "m": false, "M": true}, {"e": "aggTrade", "E": 1604221579345, "s": "ETHUSDT", "a": 171019250, "p": "387.07000000", "q": "5.00000000", "f": 200710452, "l": 200710452, "T": 1604221579344, "m": false, "M": true}, {"e": "aggTrade", "E": 1604221580086, "s": "ETHUSDT", "a": 171019251, "p": "387.07000000", "q": "5.21900000", "f": 200710453, "l": 200710453, "T": 1604221580084, "m": true, "M": true}, {"e": "aggTrade", "E": 1604221580858, "s": "ETHUSDT", "a": 171019252, "p": "387.08000000", "q": "0.02840000", "f": 200710454, "l": 200710454, "T": 1604221580857, "m": false, "M": true}, {"e": "aggTrade", "E": 1604221580998, "s": "ETHUSDT", "a": 171019253, "p": "387.08000000", "q": "0.05160000", "f": 200710455, "l": 200710455, "T": 1604221580996, "m": false, "M": true}, {"e": "aggTrade", "E": 1604221582300, "s": "ETHUSDT", "a": 171019254, "p": "387.08000000", "q": "0.17412000", "f": 200710456, "l": 200710456, "T": 1604221582298, "m": true, "M": true}, {"e": "aggTrade", "E": 1604221582409, "s": "ETHUSDT", "a": 171019255, "p": "387.07000000", "q": "1.82800000", "f": 200710457, "l": 200710457, "T": 1604221582407, "m": true, "M": true}, {"e": "aggTrade", "E": 1604221583095, "s": "ETHUSDT", "a": 171019256, "p": "387.03000000", "q": "5.00000000", "f": 200710458, "l": 200710458, "T": 1604221583094, "m": true, "M": true}, {"e": "aggTrade", "E": 1604221583100, "s": "ETHUSDT", "a": 171019257, "p": "387.02000000", "q": "0.06697000", "f": 200710459, "l": 200710460, "T": 1604221583099, "m": true, "M": true}, {"e": "aggTrade", "E": 1604221583100, "s": "ETHUSDT", "a": 171019258, "p": "387.01000000", "q": "0.20808000", "f": 200710461, "l": 200710461, "T": 1604221583099, "m": true, "M": true}, {"e": "aggTrade", "E": 1604221583106, "s": "ETHUSDT", "a": 171019259, "p": "387.00000000", "q": "7.55000000", "f": 200710462, "l": 200710462, "T": 1604221583104, "m": true, "M": true}, {"e": "aggTrade", "E": 1604221583106, "s": "ETHUSDT", "a": 171019260, "p": "387.00000000", "q": "1.03321000", "f": 200710463, "l": 200710463, "T": 1604221583104, "m": true, "M": true}, {"e": "aggTrade", "E": 1604221583106, "s": "ETHUSDT", "a": 171019261, "p": "387.00000000", "q": "1.00587000", "f": 200710464, "l": 200710464, "T": 1604221583104, "m": true, "M": true}, {"e": "aggTrade", "E": 1604221583106, "s": "ETHUSDT", "a": 171019262, "p": "387.00000000", "q": "1.45237000", "f": 200710465, "l": 200710465, "T": 1604221583104, "m": true, "M": true}, {"e": "aggTrade", "E": 1604221583107, "s": "ETHUSDT", "a": 171019263, "p": "387.00000000", "q": "7.45000000", "f": 200710466, "l": 200710469, "T": 1604221583104, "m": true, "M": true}, {"e": "aggTrade", "E": 1604221583108, "s": "ETHUSDT", "a": 171019264, "p": "387.00000000", "q": "6.00000000", "f": 200710470, "l": 200710470, "T": 1604221583106, "m": true, "M": true}, {"e": "aggTrade", "E": 1604221583114, "s": "ETHUSDT", "a": 171019265, "p": "387.00000000", "q": "4.68811000", "f": 200710471, "l": 200710473, "T": 1604221583110, "m": true, "M": true}, {"e": "aggTrade", "E": 1604221583114, "s": "ETHUSDT", "a": 171019266, "p": "386.99000000", "q": "0.31189000", "f": 200710474, "l": 200710474, "T": 1604221583110, "m": true, "M": true}, {"e": "aggTrade", "E": 1604221583114, "s": "ETHUSDT", "a": 171019267, "p": "386.99000000", "q": "2.41520000", "f": 200710475, "l": 200710475, "T": 1604221583110, "m": true, "M": true}, {"e": "aggTrade", "E": 1604221583114, "s": "ETHUSDT", "a": 171019268, "p": "386.98000000", "q": "0.32463000", "f": 200710476, "l": 200710477, "T": 1604221583110, "m": true, "M": true}, {"e": "aggTrade", "E": 1604221583115, "s": "ETHUSDT", "a": 171019269, "p": "386.98000000", "q": "0.00380000", "f": 200710478, "l": 200710478, "T": 1604221583112, "m": true, "M": true}, {"e": "aggTrade", "E": 1604221583115, "s": "ETHUSDT", "a": 171019270, "p": "386.97000000", "q": "3.40000000", "f": 200710479, "l": 200710480, "T": 1604221583112, "m": true, "M": true}, {"e": "aggTrade", "E": 1604221583115, "s": "ETHUSDT", "a": 171019271, "p": "386.96000000", "q": "2.59620000", "f": 200710481, "l": 200710482, "T": 1604221583112, "m": true, "M": true}, {"e": "aggTrade", "E": 1604221583115, "s": "ETHUSDT", "a": 171019272, "p": "386.96000000", "q": "4.80000000", "f": 200710483, "l": 200710483, "T": 1604221583112, "m": true, "M": true}, {"e": "aggTrade", "E": 1604221583117, "s": "ETHUSDT", "a": 171019273, "p": "386.96000000", "q": "0.38665000", "f": 200710484, "l": 200710484, "T": 1604221583115, "m": true, "M": true}, {"e": "aggTrade", "E": 1604221583117, "s": "ETHUSDT", "a": 171019274, "p": "386.94000000", "q": "1.61777000", "f": 200710485, "l": 200710487, "T": 1604221583115, "m": true, "M": true}, {"e": "aggTrade", "E": 1604221583117, "s": "ETHUSDT", "a": 171019275, "p": "386.93000000", "q": "6.99558000", "f": 200710488, "l": 200710490, "T": 1604221583115, "m": true, "M": true}, {"e": "aggTrade", "E": 1604221583117, "s": "ETHUSDT", "a": 171019276, "p": "386.93000000", "q": "5.00000000", "f": 200710491, "l": 200710491, "T": 1604221583115, "m": true, "M": true}, {"e": "aggTrade", "E": 1604221583118, "s": "ETHUSDT", "a": 171019277, "p": "386.93000000", "q": "5.00000000", "f": 200710492, "l": 200710492, "T": 1604221583117, "m": true, "M": true}, {"e": "aggTrade", "E": 1604221583125, "s": "ETHUSDT", "a": 171019278, "p": "386.93000000", "q": "2.54000000", "f": 200710493, "l": 200710493, "T": 1604221583123, "m": true, "M": true}, {"e": "aggTrade", "E": 1604221583125, "s": "ETHUSDT", "a": 171019279, "p": "386.92000000", "q": "0.61507000", "f": 200710494, "l": 200710494, "T": 1604221583123, "m": true, "M": true}, {"e": "aggTrade", "E": 1604221583125, "s": "ETHUSDT", "a": 171019280, "p": "386.91000000", "q": "0.84493000", "f": 200710495, "l": 200710496, "T": 1604221583123, "m": true, "M": true}, {"e": "aggTrade", "E": 1604221583131, "s": "ETHUSDT", "a": 171019281, "p": "386.91000000", "q": "6.50000000", "f": 200710497, "l": 200710497, "T": 1604221583128, "m": true, "M": true}, {"e": "aggTrade", "E": 1604221583136, "s": "ETHUSDT", "a": 171019282, "p": "386.97000000", "q": "1.82521000", "f": 200710498, "l": 200710498, "T": 1604221583134, "m": true, "M": true}, {"e": "aggTrade", "E": 1604221583136, "s": "ETHUSDT", "a": 171019283, "p": "386.91000000", "q": "0.42779000", "f": 200710499, "l": 200710499, "T": 1604221583134, "m": true, "M": true}, {"e": "aggTrade", "E": 1604221583136, "s": "ETHUSDT", "a": 171019284, "p": "386.90000000", "q": "5.38194000", "f": 200710500, "l": 200710503, "T": 1604221583134, "m": true, "M": true}, {"e": "aggTrade", "E": 1604221583136, "s": "ETHUSDT", "a": 171019285, "p": "386.89000000", "q": "4.36506000", "f": 200710504, "l": 200710504, "T": 1604221583134, "m": true, "M": true}, {"e": "aggTrade", "E": 1604221583192, "s": "ETHUSDT", "a": 171019286, "p": "386.95000000", "q": "0.29199000", "f": 200710505, "l": 200710505, "T": 1604221583190, "m": true, "M": true}, {"e": "aggTrade", "E": 1604221583284, "s": "ETHUSDT", "a": 171019287, "p": "386.88000000", "q": "2.72071000", "f": 200710506, "l": 200710507, "T": 1604221583282, "m": true, "M": true}, {"e": "aggTrade", "E": 1604221583284, "s": "ETHUSDT", "a": 171019288, "p": "386.87000000", "q": "1.29592000", "f": 200710508, "l": 200710508, "T": 1604221583282, "m": true, "M": true}, {"e": "aggTrade", "E": 1604221583284, "s": "ETHUSDT", "a": 171019289, "p": "386.86000000", "q": "3.51554000", "f": 200710509, "l": 200710514, "T": 1604221583282, "m": true, "M": true}, {"e": "aggTrade", "E": 1604221583284, "s": "ETHUSDT", "a": 171019290, "p": "386.85000000", "q": "7.46783000", "f": 200710515, "l": 200710516, "T": 1604221583282, "m": true, "M": true}, {"e": "aggTrade", "E": 1604221583298, "s": "ETHUSDT", "a": 171019291, "p": "386.88000000", "q": "0.15300000", "f": 200710517, "l": 200710517, "T": 1604221583296, "m": false, "M": true}, {"e": "aggTrade", "E": 1604221583414, "s": "ETHUSDT", "a": 171019292, "p": "386.85000000", "q": "3.09100000", "f": 200710518, "l": 200710518, "T": 1604221583412, "m": false, "M": true}, {"e": "aggTrade", "E": 1604221583414, "s": "ETHUSDT", "a": 171019293, "p": "386.85000000", "q": "1.61211000", "f": 200710519, "l": 200710520, "T": 1604221583413, "m": false, "M": true}, {"e": "aggTrade", "E": 1604221583637, "s": "ETHUSDT", "a": 171019294, "p": "386.85000000", "q": "1.76252000", "f": 200710521, "l": 200710521, "T": 1604221583635, "m": false, "M": true}, {"e": "aggTrade", "E": 1604221583802, "s": "ETHUSDT", "a": 171019295, "p": "386.85000000", "q": "4.23000000", "f": 200710522, "l": 200710523, "T": 1604221583801, "m": false, "M": true}, {"e": "aggTrade", "E": 1604221583816, "s": "ETHUSDT", "a": 171019296, "p": "386.85000000", "q": "0.00066000", "f": 200710524, "l": 200710524, "T": 1604221583815, "m": false, "M": true}, {"e": "aggTrade", "E": 1604221583962, "s": "ETHUSDT", "a": 171019297, "p": "386.85000000", "q": "0.10000000", "f": 200710525, "l": 200710525, "T": 1604221583961, "m": true, "M": true}, {"e": "aggTrade", "E": 1604221584049, "s": "ETHUSDT", "a": 171019298, "p": "386.88000000", "q": "0.05962000", "f": 200710526, "l": 200710526, "T": 1604221584048, "m": false, "M": true}, {"e": "aggTrade", "E": 1604221584453, "s": "ETHUSDT", "a": 171019299, "p": "386.86000000", "q": "0.17400000", "f": 200710527, "l": 200710527, "T": 1604221584452, "m": false, "M": true}, {"e": "aggTrade", "E": 1604221585490, "s": "ETHUSDT", "a": 171019300, "p": "386.86000000", "q": "0.06220000", "f": 200710528, "l": 200710528, "T": 1604221585489, "m": false, "M": true}, {"e": "aggTrade", "E": 1604221585542, "s": "ETHUSDT", "a": 171019301, "p": "386.85000000", "q": "0.10000000", "f": 200710529, "l": 200710529, "T": 1604221585541, "m": true, "M": true}, {"e": "aggTrade", "E": 1604221585923, "s": "ETHUSDT", "a": 171019302, "p": "386.86000000", "q": "0.77520000", "f": 200710530, "l": 200710530, "T": 1604221585922, "m": false, "M": true}, {"e": "aggTrade", "E": 1604221585959, "s": "ETHUSDT", "a": 171019303, "p": "386.86000000", "q": "0.10320000", "f": 200710531, "l": 200710531, "T": 1604221585957, "m": false, "M": true}, {"e": "aggTrade", "E": 1604221586488, "s": "ETHUSDT", "a": 171019304, "p": "386.85000000", "q": "0.14870000", "f": 200710532, "l": 200710532, "T": 1604221586487, "m": true, "M": true}, {"e": "aggTrade", "E": 1604221587352, "s": "ETHUSDT", "a": 171019305, "p": "386.85000000", "q": "5.38168000", "f": 200710533, "l": 200710533, "T": 1604221587351, "m": true, "M": true}, {"e": "aggTrade", "E": 1604221587608, "s": "ETHUSDT", "a": 171019306, "p": "386.85000000", "q": "0.11120000", "f": 200710534, "l": 200710534, "T": 1604221587607, "m": false, "M": true}, {"e": "aggTrade", "E": 1604221587922, "s": "ETHUSDT", "a": 171019307, "p": "386.85000000", "q": "0.05160000", "f": 200710535, "l": 200710535, "T": 1604221587921, "m": false, "M": true}, {"e": "aggTrade", "E": 1604221588728, "s": "ETHUSDT", "a": 171019308, "p": "386.84000000", "q": "0.10000000", "f": 200710536, "l": 200710537, "T": 1604221588727, "m": true, "M": true}, {"e": "aggTrade", "E": 1604221588741, "s": "ETHUSDT", "a": 171019309, "p": "386.84000000", "q": "0.00027000", "f": 200710538, "l": 200710538, "T": 1604221588740, "m": true, "M": true}, {"e": "aggTrade", "E": 1604221588889, "s": "ETHUSDT", "a": 171019310, "p": "386.82000000", "q": "0.50000000", "f": 200710539, "l": 200710539, "T": 1604221588888, "m": true, "M": true}, {"e": "aggTrade", "E": 1604221589075, "s": "ETHUSDT", "a": 171019311, "p": "386.81000000", "q": "0.03095000", "f": 200710540, "l": 200710540, "T": 1604221589074, "m": false, "M": true}, {"e": "aggTrade", "E": 1604221589376, "s": "ETHUSDT", "a": 171019312, "p": "386.80000000", "q": "0.27291000", "f": 200710541, "l": 200710542, "T": 1604221589375, "m": true, "M": true}, {"e": "aggTrade", "E": 1604221589376, "s": "ETHUSDT", "a": 171019313, "p": "386.80000000", "q": "0.52792000", "f": 200710543, "l": 200710543, "T": 1604221589375, "m": true, "M": true}, {"e": "aggTrade", "E": 1604221589376, "s": "ETHUSDT", "a": 171019314, "p": "386.77000000", "q": "0.00177000", "f": 200710544, "l": 200710544, "T": 1604221589375, "m": true, "M": true}, {"e": "aggTrade", "E": 1604221591125, "s": "ETHUSDT", "a": 171019315, "p": "386.78000000", "q": "0.10320000", "f": 200710545, "l": 200710545, "T": 1604221591124, "m": false, "M": true}, {"e": "aggTrade", "E": 1604221591273, "s": "ETHUSDT", "a": 171019316, "p": "386.77000000", "q": "0.62290000", "f": 200710546, "l": 200710547, "T": 1604221591272, "m": true, "M": true}, {"e": "aggTrade", "E": 1604221591795, "s": "ETHUSDT", "a": 171019317, "p": "386.78000000", "q": "1.50000000", "f": 200710548, "l": 200710548, "T": 1604221591793, "m": false, "M": true}, {"e": "aggTrade", "E": 1604221593187, "s": "ETHUSDT", "a": 171019318, "p": "386.78000000", "q": "0.05160000", "f": 200710549, "l": 200710549, "T": 1604221593186, "m": false, "M": true}, {"e": "aggTrade", "E": 1604221595136, "s": "ETHUSDT", "a": 171019319, "p": "386.78000000", "q": "0.05160000", "f": 200710550, "l": 200710550, "T": 1604221595136, "m": false, "M": true}, {"e": "aggTrade", "E": 1604221597225, "s": "ETHUSDT", "a": 171019320, "p": "386.78000000", "q": "0.10320000", "f": 200710551, "l": 200710551, "T": 1604221597224, "m": false, "M": true}, {"e": "aggTrade", "E": 1604221597280, "s": "ETHUSDT", "a": 171019321, "p": "386.78000000", "q": "0.03026000", "f": 200710552, "l": 200710552, "T": 1604221597279, "m": false, "M": true}, {"e": "aggTrade", "E": 1604221597565, "s": "ETHUSDT", "a": 171019322, "p": "386.78000000", "q": "0.02788000", "f": 200710553, "l": 200710553, "T": 1604221597563, "m": false, "M": true}, {"e": "aggTrade", "E": 1604221598709, "s": "ETHUSDT", "a": 171019323, "p": "386.77000000", "q": "2.72400000", "f": 200710554, "l": 200710554, "T": 1604221598708, "m": true, "M": true}, {"e": "aggTrade", "E": 1604221601465, "s": "ETHUSDT", "a": 171019324, "p": "386.77000000", "q": "5.00000000", "f": 200710555, "l": 200710555, "T": 1604221601463, "m": true, "M": true}, {"e": "aggTrade", "E": 1604221601760, "s": "ETHUSDT", "a": 171019325, "p": "386.78000000", "q": "0.05700000", "f": 200710556, "l": 200710556, "T": 1604221601759, "m": false, "M": true}, {"e": "aggTrade", "E": 1604221602018, "s": "ETHUSDT", "a": 171019326, "p": "386.83000000", "q": "0.58777000", "f": 200710557, "l": 200710557, "T": 1604221602017, "m": true, "M": true}, {"e": "aggTrade", "E": 1604221602111, "s": "ETHUSDT", "a": 171019327, "p": "386.84000000", "q": "0.05160000", "f": 200710558, "l": 200710558, "T": 1604221602110, "m": false, "M": true}, {"e": "aggTrade", "E": 1604221602129, "s": "ETHUSDT", "a": 171019328, "p": "386.83000000", "q": "1.29173000", "f": 200710559, "l": 200710559, "T": 1604221602128, "m": true, "M": true}, {"e": "aggTrade", "E": 1604221602176, "s": "ETHUSDT", "a": 171019329, "p": "386.83000000", "q": "16.67740000", "f": 200710560, "l": 200710561, "T": 1604221602174, "m": true, "M": true}, {"e": "aggTrade", "E": 1604221602232, "s": "ETHUSDT", "a": 171019330, "p": "386.83000000", "q": "1.93279000", "f": 200710562, "l": 200710562, "T": 1604221602231, "m": true, "M": true}, {"e": "aggTrade", "E": 1604221602275, "s": "ETHUSDT", "a": 171019331, "p": "386.84000000", "q": "7.50805000", "f": 200710563, "l": 200710563, "T": 1604221602274, "m": false, "M": true}, {"e": "aggTrade", "E": 1604221602294, "s": "ETHUSDT", "a": 171019332, "p": "386.87000000", "q": "0.27556000", "f": 200710564, "l": 200710564, "T": 1604221602293, "m": false, "M": true}, {"e": "aggTrade", "E": 1604221602546, "s": "ETHUSDT", "a": 171019333, "p": "386.90000000", "q": "0.04000000", "f": 200710565, "l": 200710565, "T": 1604221602545, "m": true, "M": true}, {"e": "aggTrade", "E": 1604221602647, "s": "ETHUSDT", "a": 171019334, "p": "386.90000000", "q": "0.94900000", "f": 200710566, "l": 200710566, "T": 1604221602646, "m": true, "M": true}, {"e": "aggTrade", "E": 1604221602844, "s": "ETHUSDT", "a": 171019335, "p": "386.93000000", "q": "0.11300000", "f": 200710567, "l": 200710567, "T": 1604221602842, "m": true, "M": true}, {"e": "aggTrade", "E": 1604221602867, "s": "ETHUSDT", "a": 171019336, "p": "386.94000000", "q": "0.05000000", "f": 200710568, "l": 200710568, "T": 1604221602866, "m": false, "M": true}, {"e": "aggTrade", "E": 1604221602867, "s": "ETHUSDT", "a": 171019337, "p": "386.95000000", "q": "0.05320000", "f": 200710569, "l": 200710569, "T": 1604221602866, "m": false, "M": true}, {"e": "aggTrade", "E": 1604221602973, "s": "ETHUSDT", "a": 171019338, "p": "386.94000000", "q": "1.34800000", "f": 200710570, "l": 200710570, "T": 1604221602972, "m": true, "M": true}, {"e": "aggTrade", "E": 1604221604185, "s": "ETHUSDT", "a": 171019339, "p": "386.92000000", "q": "0.54174000", "f": 200710571, "l": 200710571, "T": 1604221604184, "m": true, "M": true}, {"e": "aggTrade", "E": 1604221604826, "s": "ETHUSDT", "a": 171019340, "p": "386.93000000", "q": "0.58000000", "f": 200710572, "l": 200710572, "T": 1604221604825, "m": false, "M": true}, {"e": "aggTrade", "E": 1604221605519, "s": "ETHUSDT", "a": 171019341, "p": "386.96000000", "q": "0.03101000", "f": 200710573, "l": 200710573, "T": 1604221605518, "m": false, "M": true}, {"e": "aggTrade", "E": 1604221605932, "s": "ETHUSDT", "a": 171019342, "p": "386.93000000", "q": "2.69600000", "f": 200710574, "l": 200710574, "T": 1604221605931, "m": false, "M": true}, {"e": "aggTrade", "E": 1604221605940, "s": "ETHUSDT", "a": 171019343, "p": "386.92000000", "q": "0.05000000", "f": 200710575, "l": 200710575, "T": 1604221605938, "m": true, "M": true}, {"e": "aggTrade", "E": 1604221605940, "s": "ETHUSDT", "a": 171019344, "p": "386.91000000", "q": "4.82979000", "f": 200710576, "l": 200710576, "T": 1604221605938, "m": true, "M": true}, {"e": "aggTrade", "E": 1604221605950, "s": "ETHUSDT", "a": 171019345, "p": "386.90000000", "q": "7.50000000", "f": 200710577, "l": 200710577, "T": 1604221605948, "m": true, "M": true}, {"e": "aggTrade", "E": 1604221605956, "s": "ETHUSDT", "a": 171019346, "p": "386.90000000", "q": "14.78693000", "f": 200710578, "l": 200710578, "T": 1604221605955, "m": true, "M": true}, {"e": "aggTrade", "E": 1604221605966, "s": "ETHUSDT", "a": 171019347, "p": "386.90000000", "q": "6.00000000", "f": 200710579, "l": 200710579, "T": 1604221605965, "m": true, "M": true}, {"e": "aggTrade", "E": 1604221605969, "s": "ETHUSDT", "a": 171019348, "p": "386.90000000", "q": "1.71307000", "f": 200710580, "l": 200710580, "T": 1604221605967, "m": true, "M": true}, {"e": "aggTrade", "E": 1604221605970, "s": "ETHUSDT", "a": 171019349, "p": "386.83000000", "q": "0.11609000", "f": 200710581, "l": 200710581, "T": 1604221605969, "m": true, "M": true}, {"e": "aggTrade", "E": 1604221605970, "s": "ETHUSDT", "a": 171019350, "p": "386.82000000", "q": "2.54000000", "f": 200710582, "l": 200710582, "T": 1604221605969, "m": true, "M": true}, {"e": "aggTrade", "E": 1604221605970, "s": "ETHUSDT", "a": 171019351, "p": "386.81000000", "q": "2.58264000", "f": 200710583, "l": 200710583, "T": 1604221605969, "m": true, "M": true}, {"e": "aggTrade", "E": 1604221605970, "s": "ETHUSDT", "a": 171019352, "p": "386.80000000", "q": "0.76127000", "f": 200710584, "l": 200710584, "T": 1604221605969, "m": true, "M": true}, {"e": "aggTrade", "E": 1604221605971, "s": "ETHUSDT", "a": 171019353, "p": "386.80000000", "q": "2.64940000", "f": 200710585, "l": 200710585, "T": 1604221605970, "m": true, "M": true}, {"e": "aggTrade", "E": 1604221605971, "s": "ETHUSDT", "a": 171019354, "p": "386.79000000", "q": "2.35060000", "f": 200710586, "l": 200710586, "T": 1604221605970, "m": true, "M": true}, {"e": "aggTrade", "E": 1604221606180, "s": "ETHUSDT", "a": 171019355, "p": "386.77000000", "q": "0.85896000", "f": 200710587, "l": 200710587, "T": 1604221606178, "m": false, "M": true}, {"e": "aggTrade", "E": 1604221606296, "s": "ETHUSDT", "a": 171019356, "p": "386.76000000", "q": "6.00000000", "f": 200710588, "l": 200710590, "T": 1604221606294, "m": true, "M": true}, {"e": "aggTrade", "E": 1604221608122, "s": "ETHUSDT", "a": 171019357, "p": "386.80000000", "q": "0.10320000", "f": 200710591, "l": 200710591, "T": 1604221608121, "m": false, "M": true}, {"e": "aggTrade", "E": 1604221608949, "s": "ETHUSDT", "a": 171019358, "p": "386.79000000", "q": "0.09376000", "f": 200710592, "l": 200710592, "T": 1604221608948, "m": true, "M": true}, {"e": "aggTrade", "E": 1604221609050, "s": "ETHUSDT", "a": 171019359, "p": "386.80000000", "q": "0.05160000", "f": 200710593, "l": 200710593, "T": 1604221609049, "m": false, "M": true}, {"e": "aggTrade", "E": 1604221610075, "s": "ETHUSDT", "a": 171019360, "p": "386.84000000", "q": "0.13158000", "f": 200710594, "l": 200710594, "T": 1604221610074, "m": true, "M": true}, {"e": "aggTrade", "E": 1604221610399, "s": "ETHUSDT", "a": 171019361, "p": "386.84000000", "q": "1.65088000", "f": 200710595, "l": 200710595, "T": 1604221610398, "m": true, "M": true}, {"e": "aggTrade", "E": 1604221611714, "s": "ETHUSDT", "a": 171019362, "p": "386.82000000", "q": "0.02923000", "f": 200710596, "l": 200710596, "T": 1604221611713, "m": false, "M": true}, {"e": "aggTrade", "E": 1604221614160, "s": "ETHUSDT", "a": 171019363, "p": "386.81000000", "q": "0.10320000", "f": 200710597, "l": 200710597, "T": 1604221614159, "m": false, "M": true}, {"e": "aggTrade", "E": 1604221614641, "s": "ETHUSDT", "a": 171019364, "p": "386.80000000", "q": "4.84401000", "f": 200710598, "l": 200710598, "T": 1604221614640, "m": false, "M": true}, {"e": "aggTrade", "E": 1604221614641, "s": "ETHUSDT", "a": 171019365, "p": "386.81000000", "q": "4.32599000", "f": 200710599, "l": 200710601, "T": 1604221614640, "m": false, "M": true}, {"e": "aggTrade", "E": 1604221615058, "s": "ETHUSDT", "a": 171019366, "p": "386.81000000", "q": "6.27500000", "f": 200710602, "l": 200710603, "T": 1604221615057, "m": true, "M": true}, {"e": "aggTrade", "E": 1604221615760, "s": "ETHUSDT", "a": 171019367, "p": "386.77000000", "q": "0.11004000", "f": 200710604, "l": 200710604, "T": 1604221615759, "m": true, "M": true}, {"e": "aggTrade", "E": 1604221616266, "s": "ETHUSDT", "a": 171019368, "p": "386.79000000", "q": "0.05160000", "f": 200710605, "l": 200710605, "T": 1604221616265, "m": false, "M": true}, {"e": "aggTrade", "E": 1604221616570, "s": "ETHUSDT", "a": 171019369, "p": "386.79000000", "q": "0.05160000", "f": 200710606, "l": 200710606, "T": 1604221616569, "m": false, "M": true}, {"e": "aggTrade", "E": 1604221617886, "s": "ETHUSDT", "a": 171019370, "p": "386.78000000", "q": "5.46964000", "f": 200710607, "l": 200710607, "T": 1604221617885, "m": false, "M": true}, {"e": "aggTrade", "E": 1604221619578, "s": "ETHUSDT", "a": 171019371, "p": "386.80000000", "q": "0.08078000", "f": 200710608, "l": 200710608, "T": 1604221619577, "m": true, "M": true}, {"e": "aggTrade", "E": 1604221619685, "s": "ETHUSDT", "a": 171019372, "p": "386.80000000", "q": "0.49000000", "f": 200710609, "l": 200710609, "T": 1604221619684, "m": true, "M": true}, {"e": "aggTrade", "E": 1604221619746, "s": "ETHUSDT", "a": 171019373, "p": "386.82000000", "q": "0.10320000", "f": 200710610, "l": 200710610, "T": 1604221619744, "m": false, "M": true}, {"e": "aggTrade", "E": 1604221619921, "s": "ETHUSDT", "a": 171019374, "p": "386.82000000", "q": "0.02973000", "f": 200710611, "l": 200710611, "T": 1604221619919, "m": false, "M": true}, {"e": "aggTrade", "E": 1604221620135, "s": "ETHUSDT", "a": 171019375, "p": "386.81000000", "q": "27.50669000", "f": 200710612, "l": 200710613, "T": 1604221620134, "m": true, "M": true}, {"e": "aggTrade", "E": 1604221620452, "s": "ETHUSDT", "a": 171019376, "p": "386.80000000", "q": "4.83000000", "f": 200710614, "l": 200710614, "T": 1604221620451, "m": false, "M": true}, {"e": "aggTrade", "E": 1604221622025, "s": "ETHUSDT", "a": 171019377, "p": "386.79000000", "q": "0.03000000", "f": 200710615, "l": 200710615, "T": 1604221622024, "m": true, "M": true}, {"e": "aggTrade", "E": 1604221623736, "s": "ETHUSDT", "a": 171019378, "p": "386.84000000", "q": "0.05160000", "f": 200710616, "l": 200710616, "T": 1604221623735, "m": false, "M": true}, {"e": "aggTrade", "E": 1604221623836, "s": "ETHUSDT", "a": 171019379, "p": "386.84000000", "q": "9.39320000", "f": 200710617, "l": 200710617, "T": 1604221623835, "m": false, "M": true}, {"e": "aggTrade", "E": 1604221624408, "s": "ETHUSDT", "a": 171019380, "p": "386.88000000", "q": "0.14160000", "f": 200710618, "l": 200710618, "T": 1604221624406, "m": true, "M": true}, {"e": "aggTrade", "E": 1604221624673, "s": "ETHUSDT", "a": 171019381, "p": "386.93000000", "q": "0.10929000", "f": 200710619, "l": 200710619, "T": 1604221624671, "m": true, "M": true}, {"e": "aggTrade", "E": 1604221624822, "s": "ETHUSDT", "a": 171019382, "p": "386.93000000", "q": "0.07100000", "f": 200710620, "l": 200710620, "T": 1604221624820, "m": true, "M": true}, {"e": "aggTrade", "E": 1604221624982, "s": "ETHUSDT", "a": 171019383, "p": "386.94000000", "q": "0.10320000", "f": 200710621, "l": 200710621, "T": 1604221624981, "m": false, "M": true}, {"e": "aggTrade", "E": 1604221624995, "s": "ETHUSDT", "a": 171019384, "p": "386.93000000", "q": "16.96200000", "f": 200710622, "l": 200710622, "T": 1604221624994, "m": true, "M": true}, {"e": "aggTrade", "E": 1604221626480, "s": "ETHUSDT", "a": 171019385, "p": "386.90000000", "q": "15.91500000", "f": 200710623, "l": 200710624, "T": 1604221626479, "m": true, "M": true}, {"e": "aggTrade", "E": 1604221626585, "s": "ETHUSDT", "a": 171019386, "p": "386.90000000", "q": "0.49700000", "f": 200710625, "l": 200710625, "T": 1604221626584, "m": true, "M": true}, {"e": "aggTrade", "E": 1604221626690, "s": "ETHUSDT", "a": 171019387, "p": "386.84000000", "q": "0.37138000", "f": 200710626, "l": 200710626, "T": 1604221626688, "m": true, "M": true}, {"e": "aggTrade", "E": 1604221626991, "s": "ETHUSDT", "a": 171019388, "p": "386.88000000", "q": "1.00000000", "f": 200710627, "l": 200710627, "T": 1604221626990, "m": true, "M": true}, {"e": "aggTrade", "E": 1604221627214, "s": "ETHUSDT", "a": 171019389, "p": "386.90000000", "q": "1.46800000", "f": 200710628, "l": 200710628, "T": 1604221627213, "m": true, "M": true}, {"e": "aggTrade", "E": 1604221627361, "s": "ETHUSDT", "a": 171019390, "p": "386.90000000", "q": "0.64900000", "f": 200710629, "l": 200710629, "T": 1604221627360, "m": true, "M": true}, {"e": "aggTrade", "E": 1604221627632, "s": "ETHUSDT", "a": 171019391, "p": "386.90000000", "q": "0.39000000", "f": 200710630, "l": 200710630, "T": 1604221627631, "m": true, "M": true}, {"e": "aggTrade", "E": 1604221628047, "s": "ETHUSDT", "a": 171019392, "p": "386.90000000", "q": "0.39000000", "f": 200710631, "l": 200710631, "T": 1604221628046, "m": true, "M": true}, {"e": "aggTrade", "E": 1604221628132, "s": "ETHUSDT", "a": 171019393, "p": "386.91000000", "q": "0.02945000", "f": 200710632, "l": 200710632, "T": 1604221628131, "m": false, "M": true}, {"e": "aggTrade", "E": 1604221628274, "s": "ETHUSDT", "a": 171019394, "p": "386.90000000", "q": "0.14200000", "f": 200710633, "l": 200710633, "T": 1604221628273, "m": true, "M": true}, {"e": "aggTrade", "E": 1604221628701, "s": "ETHUSDT", "a": 171019395, "p": "386.91000000", "q": "0.13183000", "f": 200710634, "l": 200710634, "T": 1604221628700, "m": true, "M": true}, {"e": "aggTrade", "E": 1604221629027, "s": "ETHUSDT", "a": 171019396, "p": "386.92000000", "q": "0.63900000", "f": 200710635, "l": 200710635, "T": 1604221629026, "m": true, "M": true}, {"e": "aggTrade", "E": 1604221630067, "s": "ETHUSDT", "a": 171019397, "p": "386.91000000", "q": "0.70100000", "f": 200710636, "l": 200710636, "T": 1604221630065, "m": true, "M": true}, {"e": "aggTrade", "E": 1604221630156, "s": "ETHUSDT", "a": 171019398, "p": "386.91000000", "q": "0.31900000", "f": 200710637, "l": 200710637, "T": 1604221630155, "m": true, "M": true}, {"e": "aggTrade", "E": 1604221630231, "s": "ETHUSDT", "a": 171019399, "p": "386.91000000", "q": "0.05160000", "f": 200710638, "l": 200710638, "T": 1604221630230, "m": false, "M": true}, {"e": "aggTrade", "E": 1604221630349, "s": "ETHUSDT", "a": 171019400, "p": "386.91000000", "q": "0.10320000", "f": 200710639, "l": 200710639, "T": 1604221630348, "m": false, "M": true}, {"e": "aggTrade", "E": 1604221630386, "s": "ETHUSDT", "a": 171019401, "p": "386.90000000", "q": "0.07100000", "f": 200710640, "l": 200710640, "T": 1604221630385, "m": true, "M": true}, {"e": "aggTrade", "E": 1604221631429, "s": "ETHUSDT", "a": 171019402, "p": "386.90000000", "q": "0.47500000", "f": 200710641, "l": 200710641, "T": 1604221631428, "m": true, "M": true}, {"e": "aggTrade", "E": 1604221631531, "s": "ETHUSDT", "a": 171019403, "p": "386.90000000", "q": "0.31900000", "f": 200710642, "l": 200710642, "T": 1604221631530, "m": true, "M": true}, {"e": "aggTrade", "E": 1604221631655, "s": "ETHUSDT", "a": 171019404, "p": "386.90000000", "q": "4.13500000", "f": 200710643, "l": 200710643, "T": 1604221631653, "m": true, "M": true}, {"e": "aggTrade", "E": 1604221636238, "s": "ETHUSDT", "a": 171019405, "p": "386.89000000", "q": "0.10320000", "f": 200710644, "l": 200710644, "T": 1604221636237, "m": false, "M": true}, {"e": "aggTrade", "E": 1604221636342, "s": "ETHUSDT", "a": 171019406, "p": "386.89000000", "q": "0.03077000", "f": 200710645, "l": 200710645, "T": 1604221636341, "m": false, "M": true}, {"e": "aggTrade", "E": 1604221637241, "s": "ETHUSDT", "a": 171019407, "p": "386.91000000", "q": "0.05160000", "f": 200710646, "l": 200710646, "T": 1604221637240, "m": false, "M": true}, {"e": "aggTrade", "E": 1604221637429, "s": "ETHUSDT", "a": 171019408, "p": "386.93000000", "q": "0.35500000", "f": 200710647, "l": 200710647, "T": 1604221637427, "m": true, "M": true}, {"e": "aggTrade", "E": 1604221637720, "s": "ETHUSDT", "a": 171019409, "p": "386.93000000", "q": "1.09070000", "f": 200710648, "l": 200710648, "T": 1604221637719, "m": true, "M": true}, {"e": "aggTrade", "E": 1604221638358, "s": "ETHUSDT", "a": 171019410, "p": "386.92000000", "q": "0.64500000", "f": 200710649, "l": 200710649, "T": 1604221638357, "m": true, "M": true}, {"e": "aggTrade", "E": 1604221641560, "s": "ETHUSDT", "a": 171019411, "p": "386.93000000", "q": "0.07742000", "f": 200710650, "l": 200710650, "T": 1604221641559, "m": false, "M": true}, {"e": "aggTrade", "E": 1604221643626, "s": "ETHUSDT", "a": 171019412, "p": "386.89000000", "q": "0.31900000", "f": 200710651, "l": 200710651, "T": 1604221643625, "m": true, "M": true}, {"e": "aggTrade", "E": 1604221643850, "s": "ETHUSDT", "a": 171019413, "p": "386.89000000", "q": "0.10320000", "f": 200710652, "l": 200710652, "T": 1604221643849, "m": false, "M": true}, {"e": "aggTrade", "E": 1604221644143, "s": "ETHUSDT", "a": 171019414, "p": "386.92000000", "q": "0.05160000", "f": 200710653, "l": 200710653, "T": 1604221644142, "m": false, "M": true}, {"e": "aggTrade", "E": 1604221644256, "s": "ETHUSDT", "a": 171019415, "p": "386.91000000", "q": "5.00000000", "f": 200710654, "l": 200710654, "T": 1604221644255, "m": true, "M": true}, {"e": "aggTrade", "E": 1604221644358, "s": "ETHUSDT", "a": 171019416, "p": "386.89000000", "q": "5.06669000", "f": 200710655, "l": 200710655, "T": 1604221644357, "m": true, "M": true}, {"e": "aggTrade", "E": 1604221644467, "s": "ETHUSDT", "a": 171019417, "p": "386.89000000", "q": "4.77400000", "f": 200710656, "l": 200710656, "T": 1604221644466, "m": false, "M": true}, {"e": "aggTrade", "E": 1604221644480, "s": "ETHUSDT", "a": 171019418, "p": "386.88000000", "q": "18.33460000", "f": 200710657, "l": 200710657, "T": 1604221644478, "m": true, "M": true}, {"e": "aggTrade", "E": 1604221644617, "s": "ETHUSDT", "a": 171019419, "p": "386.89000000", "q": "0.02856000", "f": 200710658, "l": 200710658, "T": 1604221644616, "m": false, "M": true}, {"e": "aggTrade", "E": 1604221646043, "s": "ETHUSDT", "a": 171019420, "p": "386.88000000", "q": "0.06400000", "f": 200710659, "l": 200710659, "T": 1604221646042, "m": true, "M": true}, {"e": "aggTrade", "E": 1604221649019, "s": "ETHUSDT", "a": 171019421, "p": "386.89000000", "q": "0.10320000", "f": 200710660, "l": 200710660, "T": 1604221649017, "m": false, "M": true}, {"e": "aggTrade", "E": 1604221649162, "s": "ETHUSDT", "a": 171019422, "p": "386.88000000", "q": "0.00061000", "f": 200710661, "l": 200710661, "T": 1604221649159, "m": true, "M": true}, {"e": "aggTrade", "E": 1604221649162, "s": "ETHUSDT", "a": 171019423, "p": "386.83000000", "q": "0.06686000", "f": 200710662, "l": 200710662, "T": 1604221649159, "m": true, "M": true}, {"e": "aggTrade", "E": 1604221649292, "s": "ETHUSDT", "a": 171019424, "p": "386.84000000", "q": "0.23900000", "f": 200710663, "l": 200710663, "T": 1604221649291, "m": false, "M": true}, {"e": "aggTrade", "E": 1604221649397, "s": "ETHUSDT", "a": 171019425, "p": "386.84000000", "q": "0.31900000", "f": 200710664, "l": 200710664, "T": 1604221649396, "m": false, "M": true}, {"e": "aggTrade", "E": 1604221649937, "s": "ETHUSDT", "a": 171019426, "p": "386.83000000", "q": "0.63700000", "f": 200710665, "l": 200710665, "T": 1604221649935, "m": false, "M": true}, {"e": "aggTrade", "E": 1604221650055, "s": "ETHUSDT", "a": 171019427, "p": "386.83000000", "q": "0.10634000", "f": 200710666, "l": 200710666, "T": 1604221650053, "m": false, "M": true}, {"e": "aggTrade", "E": 1604221650728, "s": "ETHUSDT", "a": 171019428, "p": "386.83000000", "q": "0.13404000", "f": 200710667, "l": 200710667, "T": 1604221650727, "m": true, "M": true}, {"e": "aggTrade", "E": 1604221650970, "s": "ETHUSDT", "a": 171019429, "p": "386.84000000", "q": "0.05160000", "f": 200710668, "l": 200710668, "T": 1604221650969, "m": false, "M": true}