[{"e": "aggTrade", "E": 1604224800762, "s": "ETHUSDT", "a": 171023592, "p": "385.93000000", "q": "0.30181000", "f": 200715528, "l": 200715528, "T": 1604224800761, "m": true, "M": true}, {"e": "aggTrade", "E": 1604224800766, "s": "ETHUSDT", "a": 171023593, "p": "385.94000000", "q": "0.31134000", "f": 200715529, "l": 200715529, "T": 1604224800765, "m": false, "M": true}, {"e": "aggTrade", "E": 1604224800900, "s": "ETHUSDT", "a": 171023594, "p": "385.94000000", "q": "0.74400000", "f": 200715530, "l": 200715531, "T": 1604224800898, "m": false, "M": true}, {"e": "aggTrade", "E": 1604224801054, "s": "ETHUSDT", "a": 171023595, "p": "385.94000000", "q": "0.03016000", "f": 200715532, "l": 200715532, "T": 1604224801053, "m": false, "M": true}, {"e": "aggTrade", "E": 1604224801112, "s": "ETHUSDT", "a": 171023596, "p": "385.94000000", "q": "0.31900000", "f": 200715533, "l": 200715533, "T": 1604224801110, "m": false, "M": true}, {"e": "aggTrade", "E": 1604224801310, "s": "ETHUSDT", "a": 171023597, "p": "385.94000000", "q": "18.34400000", "f": 200715534, "l": 200715534, "T": 1604224801309, "m": false, "M": true}, {"e": "aggTrade", "E": 1604224801422, "s": "ETHUSDT", "a": 171023598, "p": "385.94000000", "q": "11.38500000", "f": 200715535, "l": 200715536, "T": 1604224801420, "m": false, "M": true}, {"e": "aggTrade", "E": 1604224801770, "s": "ETHUSDT", "a": 171023599, "p": "385.95000000", "q": "0.30150000", "f": 200715537, "l": 200715537, "T": 1604224801769, "m": true, "M": true}, {"e": "aggTrade", "E": 1604224802935, "s": "ETHUSDT", "a": 171023600, "p": "385.95000000", "q": "0.51481000", "f": 200715538, "l": 200715538, "T": 1604224802934, "m": true, "M": true}, {"e": "aggTrade", "E": 1604224803746, "s": "ETHUSDT", "a": 171023601, "p": "385.95000000", "q": "0.10000000", "f": 200715539, "l": 200715539, "T": 1604224803745, "m": false, "M": true}, {"e": "aggTrade", "E": 1604224805645, "s": "ETHUSDT", "a": 171023602, "p": "385.99000000", "q": "0.54900000", "f": 200715540, "l": 200715540, "T": 1604224805644, "m": false, "M": true}, {"e": "aggTrade", "E": 1604224805766, "s": "ETHUSDT", "a": 171023603, "p": "385.98000000", "q": "0.57537000", "f": 200715541, "l": 200715541, "T": 1604224805765, "m": true, "M": true}, {"e": "aggTrade", "E": 1604224806091, "s": "ETHUSDT", "a": 171023604, "p": "385.96000000", "q": "0.31900000", "f": 200715542, "l": 200715542, "T": 1604224806090, "m": false, "M": true}, {"e": "aggTrade", "E": 1604224806349, "s": "ETHUSDT", "a": 171023605, "p": "385.98000000", "q": "0.14340000", "f": 200715543, "l": 200715543, "T": 1604224806348, "m": false, "M": true}, {"e": "aggTrade", "E": 1604224806925, "s": "ETHUSDT", "a": 171023606, "p": "385.94000000", "q": "0.78400000", "f": 200715544, "l": 200715544, "T": 1604224806924, "m": false, "M": true}, {"e": "aggTrade", "E": 1604224807027, "s": "ETHUSDT", "a": 171023607, "p": "385.93000000", "q": "0.59200000", "f": 200715545, "l": 200715545, "T": 1604224807026, "m": false, "M": true}, {"e": "aggTrade", "E": 1604224807139, "s": "ETHUSDT", "a": 171023608, "p": "385.93000000", "q": "0.12147000", "f": 200715546, "l": 200715546, "T": 1604224807138, "m": false, "M": true}, {"e": "aggTrade", "E": 1604224807258, "s": "ETHUSDT", "a": 171023609, "p": "385.96000000", "q": "0.02888000", "f": 200715547, "l": 200715547, "T": 1604224807257, "m": false, "M": true}, {"e": "aggTrade", "E": 1604224810516, "s": "ETHUSDT", "a": 171023610, "p": "385.96000000", "q": "4.41300000", "f": 200715548, "l": 200715548, "T": 1604224810515, "m": true, "M": true}, {"e": "aggTrade", "E": 1604224810640, "s": "ETHUSDT", "a": 171023611, "p": "385.94000000", "q": "3.16400000", "f": 200715549, "l": 200715550, "T": 1604224810639, "m": true, "M": true}, {"e": "aggTrade", "E": 1604224811220, "s": "ETHUSDT", "a": 171023612, "p": "385.94000000", "q": "0.03802000", "f": 200715551, "l": 200715551, "T": 1604224811219, "m": false, "M": true}, {"e": "aggTrade", "E": 1604224811784, "s": "ETHUSDT", "a": 171023613, "p": "385.95000000", "q": "18.57300000", "f": 200715552, "l": 200715553, "T": 1604224811783, "m": true, "M": true}, {"e": "aggTrade", "E": 1604224811898, "s": "ETHUSDT", "a": 171023614, "p": "385.95000000", "q": "1.00000000", "f": 200715554, "l": 200715554, "T": 1604224811897, "m": true, "M": true}, {"e": "aggTrade", "E": 1604224812003, "s": "ETHUSDT", "a": 171023615, "p": "385.95000000", "q": "14.00200000", "f": 200715555, "l": 200715555, "T": 1604224812001, "m": true, "M": true}, {"e": "aggTrade", "E": 1604224812490, "s": "ETHUSDT", "a": 171023616, "p": "385.95000000", "q": "0.06982000", "f": 200715556, "l": 200715556, "T": 1604224812488, "m": true, "M": true}, {"e": "aggTrade", "E": 1604224813244, "s": "ETHUSDT", "a": 171023617, "p": "385.92000000", "q": "0.35843000", "f": 200715557, "l": 200715557, "T": 1604224813243, "m": false, "M": true}, {"e": "aggTrade", "E": 1604224813355, "s": "ETHUSDT", "a": 171023618, "p": "385.92000000", "q": "0.15177000", "f": 200715558, "l": 200715558, "T": 1604224813354, "m": false, "M": true}, {"e": "aggTrade", "E": 1604224813465, "s": "ETHUSDT", "a": 171023619, "p": "385.92000000", "q": "0.03007000", "f": 200715559, "l": 200715559, "T": 1604224813464, "m": false, "M": true}, {"e": "aggTrade", "E": 1604224814190, "s": "ETHUSDT", "a": 171023620, "p": "385.95000000", "q": "1.13000000", "f": 200715560, "l": 200715560, "T": 1604224814189, "m": true, "M": true}, {"e": "aggTrade", "E": 1604224814257, "s": "ETHUSDT", "a": 171023621, "p": "385.95000000", "q": "3.44400000", "f": 200715561, "l": 200715561, "T": 1604224814255, "m": true, "M": true}, {"e": "aggTrade", "E": 1604224816453, "s": "ETHUSDT", "a": 171023622, "p": "385.96000000", "q": "0.18000000", "f": 200715562, "l": 200715562, "T": 1604224816451, "m": false, "M": true}, {"e": "aggTrade", "E": 1604224816470, "s": "ETHUSDT", "a": 171023623, "p": "385.96000000", "q": "0.00046000", "f": 200715563, "l": 200715563, "T": 1604224816469, "m": false, "M": true}, {"e": "aggTrade", "E": 1604224816562, "s": "ETHUSDT", "a": 171023624, "p": "386.03000000", "q": "1.05800000", "f": 200715564, "l": 200715564, "T": 1604224816560, "m": true, "M": true}, {"e": "aggTrade", "E": 1604224816664, "s": "ETHUSDT", "a": 171023625, "p": "386.03000000", "q": "0.19433000", "f": 200715565, "l": 200715565, "T": 1604224816663, "m": true, "M": true}, {"e": "aggTrade", "E": 1604224816777, "s": "ETHUSDT", "a": 171023626, "p": "386.03000000", "q": "0.10500000", "f": 200715566, "l": 200715566, "T": 1604224816775, "m": true, "M": true}, {"e": "aggTrade", "E": 1604224818426, "s": "ETHUSDT", "a": 171023627, "p": "386.04000000", "q": "0.04182000", "f": 200715567, "l": 200715567, "T": 1604224818424, "m": false, "M": true}, {"e": "aggTrade", "E": 1604224818542, "s": "ETHUSDT", "a": 171023628, "p": "386.03000000", "q": "0.02727000", "f": 200715568, "l": 200715568, "T": 1604224818540, "m": true, "M": true}, {"e": "aggTrade", "E": 1604224818715, "s": "ETHUSDT", "a": 171023629, "p": "386.03000000", "q": "0.04772000", "f": 200715569, "l": 200715569, "T": 1604224818714, "m": true, "M": true}, {"e": "aggTrade", "E": 1604224820140, "s": "ETHUSDT", "a": 171023630, "p": "386.03000000", "q": "0.10500000", "f": 200715570, "l": 200715570, "T": 1604224820138, "m": true, "M": true}, {"e": "aggTrade", "E": 1604224820236, "s": "ETHUSDT", "a": 171023631, "p": "386.03000000", "q": "0.45094000", "f": 200715571, "l": 200715571, "T": 1604224820235, "m": true, "M": true}, {"e": "aggTrade", "E": 1604224821620, "s": "ETHUSDT", "a": 171023632, "p": "386.03000000", "q": "0.05420000", "f": 200715572, "l": 200715572, "T": 1604224821619, "m": true, "M": true}, {"e": "aggTrade", "E": 1604224821622, "s": "ETHUSDT", "a": 171023633, "p": "386.03000000", "q": "0.03600000", "f": 200715573, "l": 200715573, "T": 1604224821621, "m": true, "M": true}, {"e": "aggTrade", "E": 1604224821672, "s": "ETHUSDT", "a": 171023634, "p": "386.04000000", "q": "0.18058000", "f": 200715574, "l": 200715574, "T": 1604224821671, "m": false, "M": true}, {"e": "aggTrade", "E": 1604224821694, "s": "ETHUSDT", "a": 171023635, "p": "386.04000000", "q": "0.03000000", "f": 200715575, "l": 200715575, "T": 1604224821693, "m": false, "M": true}, {"e": "aggTrade", "E": 1604224822144, "s": "ETHUSDT", "a": 171023636, "p": "386.03000000", "q": "0.11177000", "f": 200715576, "l": 200715576, "T": 1604224822143, "m": true, "M": true}, {"e": "aggTrade", "E": 1604224822648, "s": "ETHUSDT", "a": 171023637, "p": "386.06000000", "q": "1.67787000", "f": 200715577, "l": 200715577, "T": 1604224822646, "m": true, "M": true}, {"e": "aggTrade", "E": 1604224822649, "s": "ETHUSDT", "a": 171023638, "p": "386.07000000", "q": "0.75150000", "f": 200715578, "l": 200715578, "T": 1604224822648, "m": false, "M": true}, {"e": "aggTrade", "E": 1604224822702, "s": "ETHUSDT", "a": 171023639, "p": "386.07000000", "q": "0.35533000", "f": 200715579, "l": 200715579, "T": 1604224822700, "m": false, "M": true}, {"e": "aggTrade", "E": 1604224824498, "s": "ETHUSDT", "a": 171023640, "p": "386.06000000", "q": "2.00000000", "f": 200715580, "l": 200715580, "T": 1604224824497, "m": true, "M": true}, {"e": "aggTrade", "E": 1604224825385, "s": "ETHUSDT", "a": 171023641, "p": "386.03000000", "q": "0.11219000", "f": 200715581, "l": 200715581, "T": 1604224825384, "m": true, "M": true}, {"e": "aggTrade", "E": 1604224827799, "s": "ETHUSDT", "a": 171023642, "p": "386.04000000", "q": "5.70100000", "f": 200715582, "l": 200715583, "T": 1604224827798, "m": false, "M": true}, {"e": "aggTrade", "E": 1604224828184, "s": "ETHUSDT", "a": 171023643, "p": "386.03000000", "q": "1.03442000", "f": 200715584, "l": 200715584, "T": 1604224828183, "m": true, "M": true}, {"e": "aggTrade", "E": 1604224829028, "s": "ETHUSDT", "a": 171023644, "p": "386.03000000", "q": "1.03525000", "f": 200715585, "l": 200715585, "T": 1604224829027, "m": true, "M": true}, {"e": "aggTrade", "E": 1604224829904, "s": "ETHUSDT", "a": 171023645, "p": "386.07000000", "q": "0.03119000", "f": 200715586, "l": 200715586, "T": 1604224829903, "m": false, "M": true}, {"e": "aggTrade", "E": 1604224832644, "s": "ETHUSDT", "a": 171023646, "p": "386.06000000", "q": "15.98900000", "f": 200715587, "l": 200715589, "T": 1604224832642, "m": false, "M": true}, {"e": "aggTrade", "E": 1604224832749, "s": "ETHUSDT", "a": 171023647, "p": "386.06000000", "q": "8.70900000", "f": 200715590, "l": 200715590, "T": 1604224832748, "m": false, "M": true}, {"e": "aggTrade", "E": 1604224833160, "s": "ETHUSDT", "a": 171023648, "p": "386.07000000", "q": "2.08500000", "f": 200715591, "l": 200715592, "T": 1604224833159, "m": false, "M": true}, {"e": "aggTrade", "E": 1604224833769, "s": "ETHUSDT", "a": 171023649, "p": "386.06000000", "q": "0.42968000", "f": 200715593, "l": 200715593, "T": 1604224833768, "m": true, "M": true}, {"e": "aggTrade", "E": 1604224836510, "s": "ETHUSDT", "a": 171023650, "p": "386.07000000", "q": "0.31900000", "f": 200715594, "l": 200715595, "T": 1604224836509, "m": false, "M": true}, {"e": "aggTrade", "E": 1604224836618, "s": "ETHUSDT", "a": 171023651, "p": "386.07000000", "q": "0.35400000", "f": 200715596, "l": 200715596, "T": 1604224836616, "m": false, "M": true}, {"e": "aggTrade", "E": 1604224837042, "s": "ETHUSDT", "a": 171023652, "p": "386.06000000", "q": "0.48500000", "f": 200715597, "l": 200715597, "T": 1604224837040, "m": false, "M": true}, {"e": "aggTrade", "E": 1604224837086, "s": "ETHUSDT", "a": 171023653, "p": "386.04000000", "q": "3.12366000", "f": 200715598, "l": 200715598, "T": 1604224837084, "m": true, "M": true}, {"e": "aggTrade", "E": 1604224837112, "s": "ETHUSDT", "a": 171023654, "p": "386.04000000", "q": "2.65294000", "f": 200715599, "l": 200715599, "T": 1604224837107, "m": true, "M": true}, {"e": "aggTrade", "E": 1604224838109, "s": "ETHUSDT", "a": 171023655, "p": "386.04000000", "q": "0.02852000", "f": 200715600, "l": 200715600, "T": 1604224838108, "m": false, "M": true}, {"e": "aggTrade", "E": 1604224838652, "s": "ETHUSDT", "a": 171023656, "p": "386.04000000", "q": "0.02850000", "f": 200715601, "l": 200715601, "T": 1604224838650, "m": true, "M": true}, {"e": "aggTrade", "E": 1604224839087, "s": "ETHUSDT", "a": 171023657, "p": "386.04000000", "q": "2.00000000", "f": 200715602, "l": 200715602, "T": 1604224839086, "m": true, "M": true}, {"e": "aggTrade", "E": 1604224839149, "s": "ETHUSDT", "a": 171023658, "p": "386.05000000", "q": "7.65200000", "f": 200715603, "l": 200715604, "T": 1604224839148, "m": false, "M": true}, {"e": "aggTrade", "E": 1604224839693, "s": "ETHUSDT", "a": 171023659, "p": "386.04000000", "q": "0.22780000", "f": 200715605, "l": 200715605, "T": 1604224839690, "m": true, "M": true}, {"e": "aggTrade", "E": 1604224841972, "s": "ETHUSDT", "a": 171023660, "p": "386.04000000", "q": "0.56000000", "f": 200715606, "l": 200715606, "T": 1604224841970, "m": false, "M": true}, {"e": "aggTrade", "E": 1604224842185, "s": "ETHUSDT", "a": 171023661, "p": "386.05000000", "q": "1.20000000", "f": 200715607, "l": 200715607, "T": 1604224842183, "m": false, "M": true}, {"e": "aggTrade", "E": 1604224844299, "s": "ETHUSDT", "a": 171023662, "p": "386.04000000", "q": "0.17168000", "f": 200715608, "l": 200715608, "T": 1604224844298, "m": false, "M": true}, {"e": "aggTrade", "E": 1604224846325, "s": "ETHUSDT", "a": 171023663, "p": "386.05000000", "q": "0.02969000", "f": 200715609, "l": 200715609, "T": 1604224846324, "m": false, "M": true}, {"e": "aggTrade", "E": 1604224847033, "s": "ETHUSDT", "a": 171023664, "p": "386.05000000", "q": "0.21880000", "f": 200715610, "l": 200715610, "T": 1604224847031, "m": false, "M": true}, {"e": "aggTrade", "E": 1604224847033, "s": "ETHUSDT", "a": 171023665, "p": "386.11000000", "q": "0.11739000", "f": 200715611, "l": 200715611, "T": 1604224847031, "m": false, "M": true}, {"e": "aggTrade", "E": 1604224847208, "s": "ETHUSDT", "a": 171023666, "p": "386.09000000", "q": "0.08419000", "f": 200715612, "l": 200715612, "T": 1604224847207, "m": true, "M": true}, {"e": "aggTrade", "E": 1604224847417, "s": "ETHUSDT", "a": 171023667, "p": "386.09000000", "q": "0.29877000", "f": 200715613, "l": 200715613, "T": 1604224847416, "m": true, "M": true}, {"e": "aggTrade", "E": 1604224847535, "s": "ETHUSDT", "a": 171023668, "p": "386.09000000", "q": "2.04513000", "f": 200715614, "l": 200715614, "T": 1604224847533, "m": true, "M": true}, {"e": "aggTrade", "E": 1604224849031, "s": "ETHUSDT", "a": 171023669, "p": "386.10000000", "q": "0.33617000", "f": 200715615, "l": 200715615, "T": 1604224849030, "m": false, "M": true}, {"e": "aggTrade", "E": 1604224849821, "s": "ETHUSDT", "a": 171023670, "p": "386.13000000", "q": "2.50000000", "f": 200715616, "l": 200715616, "T": 1604224849820, "m": true, "M": true}, {"e": "aggTrade", "E": 1604224850026, "s": "ETHUSDT", "a": 171023671, "p": "386.13000000", "q": "0.59538000", "f": 200715617, "l": 200715617, "T": 1604224850024, "m": true, "M": true}, {"e": "aggTrade", "E": 1604224850031, "s": "ETHUSDT", "a": 171023672, "p": "386.14000000", "q": "0.33617000", "f": 200715618, "l": 200715618, "T": 1604224850030, "m": false, "M": true}, {"e": "aggTrade", "E": 1604224850132, "s": "ETHUSDT", "a": 171023673, "p": "386.13000000", "q": "0.41437000", "f": 200715619, "l": 200715619, "T": 1604224850131, "m": true, "M": true}, {"e": "aggTrade", "E": 1604224850228, "s": "ETHUSDT", "a": 171023674, "p": "386.13000000", "q": "2.50000000", "f": 200715620, "l": 200715620, "T": 1604224850227, "m": true, "M": true}, {"e": "aggTrade", "E": 1604224850307, "s": "ETHUSDT", "a": 171023675, "p": "386.13000000", "q": "0.04000000", "f": 200715621, "l": 200715621, "T": 1604224850306, "m": true, "M": true}, {"e": "aggTrade", "E": 1604224850484, "s": "ETHUSDT", "a": 171023676, "p": "386.13000000", "q": "1.90000000", "f": 200715622, "l": 200715622, "T": 1604224850483, "m": true, "M": true}, {"e": "aggTrade", "E": 1604224850581, "s": "ETHUSDT", "a": 171023677, "p": "386.13000000", "q": "1.00000000", "f": 200715623, "l": 200715623, "T": 1604224850580, "m": true, "M": true}, {"e": "aggTrade", "E": 1604224850628, "s": "ETHUSDT", "a": 171023678, "p": "386.14000000", "q": "0.44759000", "f": 200715624, "l": 200715624, "T": 1604224850626, "m": false, "M": true}, {"e": "aggTrade", "E": 1604224850644, "s": "ETHUSDT", "a": 171023679, "p": "386.13000000", "q": "8.04714000", "f": 200715625, "l": 200715625, "T": 1604224850643, "m": true, "M": true}, {"e": "aggTrade", "E": 1604224852298, "s": "ETHUSDT", "a": 171023680, "p": "386.16000000", "q": "0.93594000", "f": 200715626, "l": 200715626, "T": 1604224852297, "m": true, "M": true}, {"e": "aggTrade", "E": 1604224852398, "s": "ETHUSDT", "a": 171023681, "p": "386.16000000", "q": "2.50000000", "f": 200715627, "l": 200715627, "T": 1604224852397, "m": true, "M": true}, {"e": "aggTrade", "E": 1604224852523, "s": "ETHUSDT", "a": 171023682, "p": "386.16000000", "q": "0.10500000", "f": 200715628, "l": 200715628, "T": 1604224852521, "m": true, "M": true}, {"e": "aggTrade", "E": 1604224852715, "s": "ETHUSDT", "a": 171023683, "p": "386.16000000", "q": "1.60500000", "f": 200715629, "l": 200715629, "T": 1604224852714, "m": true, "M": true}, {"e": "aggTrade", "E": 1604224852936, "s": "ETHUSDT", "a": 171023684, "p": "386.16000000", "q": "0.50000000", "f": 200715630, "l": 200715630, "T": 1604224852935, "m": false, "M": true}, {"e": "aggTrade", "E": 1604224853229, "s": "ETHUSDT", "a": 171023685, "p": "386.17000000", "q": "3.00000000", "f": 200715631, "l": 200715631, "T": 1604224853227, "m": false, "M": true}, {"e": "aggTrade", "E": 1604224853279, "s": "ETHUSDT", "a": 171023686, "p": "386.20000000", "q": "2.25630000", "f": 200715632, "l": 200715632, "T": 1604224853278, "m": true, "M": true}, {"e": "aggTrade", "E": 1604224853357, "s": "ETHUSDT", "a": 171023687, "p": "386.20000000", "q": "2.50000000", "f": 200715633, "l": 200715633, "T": 1604224853356, "m": true, "M": true}, {"e": "aggTrade", "E": 1604224853461, "s": "ETHUSDT", "a": 171023688, "p": "386.20000000", "q": "2.50000000", "f": 200715634, "l": 200715634, "T": 1604224853460, "m": true, "M": true}, {"e": "aggTrade", "E": 1604224853605, "s": "ETHUSDT", "a": 171023689, "p": "386.20000000", "q": "0.10598000", "f": 200715635, "l": 200715635, "T": 1604224853603, "m": true, "M": true}, {"e": "aggTrade", "E": 1604224853669, "s": "ETHUSDT", "a": 171023690, "p": "386.20000000", "q": "0.10500000", "f": 200715636, "l": 200715636, "T": 1604224853668, "m": true, "M": true}, {"e": "aggTrade", "E": 1604224854122, "s": "ETHUSDT", "a": 171023691, "p": "386.22000000", "q": "2.50000000", "f": 200715637, "l": 200715637, "T": 1604224854121, "m": true, "M": true}, {"e": "aggTrade", "E": 1604224854131, "s": "ETHUSDT", "a": 171023692, "p": "386.22000000", "q": "2.76645000", "f": 200715638, "l": 200715639, "T": 1604224854129, "m": true, "M": true}, {"e": "aggTrade", "E": 1604224854297, "s": "ETHUSDT", "a": 171023693, "p": "386.22000000", "q": "6.08357000", "f": 200715640, "l": 200715641, "T": 1604224854296, "m": true, "M": true}, {"e": "aggTrade", "E": 1604224854404, "s": "ETHUSDT", "a": 171023694, "p": "386.22000000", "q": "0.10500000", "f": 200715642, "l": 200715642, "T": 1604224854403, "m": true, "M": true}, {"e": "aggTrade", "E": 1604224854533, "s": "ETHUSDT", "a": 171023695, "p": "386.23000000", "q": "0.02960000", "f": 200715643, "l": 200715643, "T": 1604224854532, "m": false, "M": true}, {"e": "aggTrade", "E": 1604224854928, "s": "ETHUSDT", "a": 171023696, "p": "386.23000000", "q": "1.56300000", "f": 200715644, "l": 200715644, "T": 1604224854927, "m": false, "M": true}, {"e": "aggTrade", "E": 1604224856283, "s": "ETHUSDT", "a": 171023697, "p": "386.25000000", "q": "5.00000000", "f": 200715645, "l": 200715645, "T": 1604224856282, "m": true, "M": true}, {"e": "aggTrade", "E": 1604224856450, "s": "ETHUSDT", "a": 171023698, "p": "386.25000000", "q": "9.52200000", "f": 200715646, "l": 200715647, "T": 1604224856449, "m": true, "M": true}, {"e": "aggTrade", "E": 1604224857222, "s": "ETHUSDT", "a": 171023699, "p": "386.13000000", "q": "0.19428000", "f": 200715648, "l": 200715648, "T": 1604224857220, "m": false, "M": true}, {"e": "aggTrade", "E": 1604224858801, "s": "ETHUSDT", "a": 171023700, "p": "386.19000000", "q": "0.27442000", "f": 200715649, "l": 200715649, "T": 1604224858800, "m": false, "M": true}, {"e": "aggTrade", "E": 1604224859827, "s": "ETHUSDT", "a": 171023701, "p": "386.15000000", "q": "0.23000000", "f": 200715650, "l": 200715650, "T": 1604224859825, "m": false, "M": true}, {"e": "aggTrade", "E": 1604224859943, "s": "ETHUSDT", "a": 171023702, "p": "386.13000000", "q": "0.31900000", "f": 200715651, "l": 200715651, "T": 1604224859942, "m": false, "M": true}, {"e": "aggTrade", "E": 1604224860517, "s": "ETHUSDT", "a": 171023703, "p": "386.12000000", "q": "0.07979000", "f": 200715652, "l": 200715652, "T": 1604224860515, "m": true, "M": true}, {"e": "aggTrade", "E": 1604224860753, "s": "ETHUSDT", "a": 171023704, "p": "386.12000000", "q": "0.12781000", "f": 200715653, "l": 200715653, "T": 1604224860751, "m": true, "M": true}, {"e": "aggTrade", "E": 1604224861029, "s": "ETHUSDT", "a": 171023705, "p": "386.09000000", "q": "1.00000000", "f": 200715654, "l": 200715654, "T": 1604224861028, "m": true, "M": true}, {"e": "aggTrade", "E": 1604224861130, "s": "ETHUSDT", "a": 171023706, "p": "386.12000000", "q": "1.00000000", "f": 200715655, "l": 200715655, "T": 1604224861129, "m": true, "M": true}, {"e": "aggTrade", "E": 1604224861617, "s": "ETHUSDT", "a": 171023707, "p": "386.14000000", "q": "5.65900000", "f": 200715656, "l": 200715656, "T": 1604224861615, "m": false, "M": true}, {"e": "aggTrade", "E": 1604224861620, "s": "ETHUSDT", "a": 171023708, "p": "386.14000000", "q": "6.00000000", "f": 200715657, "l": 200715657, "T": 1604224861619, "m": false, "M": true}, {"e": "aggTrade", "E": 1604224861621, "s": "ETHUSDT", "a": 171023709, "p": "386.14000000", "q": "5.00000000", "f": 200715658, "l": 200715658, "T": 1604224861620, "m": false, "M": true}, {"e": "aggTrade", "E": 1604224861634, "s": "ETHUSDT", "a": 171023710, "p": "386.14000000", "q": "0.34100000", "f": 200715659, "l": 200715659, "T": 1604224861632, "m": false, "M": true}, {"e": "aggTrade", "E": 1604224861634, "s": "ETHUSDT", "a": 171023711, "p": "386.14000000", "q": "12.29613000", "f": 200715660, "l": 200715660, "T": 1604224861632, "m": false, "M": true}, {"e": "aggTrade", "E": 1604224861696, "s": "ETHUSDT", "a": 171023712, "p": "386.17000000", "q": "0.20502000", "f": 200715661, "l": 200715661, "T": 1604224861694, "m": false, "M": true}, {"e": "aggTrade", "E": 1604224861893, "s": "ETHUSDT", "a": 171023713, "p": "386.25000000", "q": "0.81500000", "f": 200715662, "l": 200715662, "T": 1604224861891, "m": true, "M": true}, {"e": "aggTrade", "E": 1604224861972, "s": "ETHUSDT", "a": 171023714, "p": "386.25000000", "q": "18.90262000", "f": 200715663, "l": 200715664, "T": 1604224861970, "m": true, "M": true}, {"e": "aggTrade", "E": 1604224862081, "s": "ETHUSDT", "a": 171023715, "p": "386.26000000", "q": "5.00000000", "f": 200715665, "l": 200715665, "T": 1604224862080, "m": true, "M": true}, {"e": "aggTrade", "E": 1604224862775, "s": "ETHUSDT", "a": 171023716, "p": "386.27000000", "q": "0.03130000", "f": 200715666, "l": 200715666, "T": 1604224862773, "m": false, "M": true}, {"e": "aggTrade", "E": 1604224862804, "s": "ETHUSDT", "a": 171023717, "p": "386.26000000", "q": "0.05193000", "f": 200715667, "l": 200715667, "T": 1604224862803, "m": true, "M": true}, {"e": "aggTrade", "E": 1604224863508, "s": "ETHUSDT", "a": 171023718, "p": "386.20000000", "q": "0.31900000", "f": 200715668, "l": 200715668, "T": 1604224863507, "m": false, "M": true}, {"e": "aggTrade", "E": 1604224865357, "s": "ETHUSDT", "a": 171023719, "p": "386.13000000", "q": "4.19299000", "f": 200715669, "l": 200715670, "T": 1604224865356, "m": true, "M": true}, {"e": "aggTrade", "E": 1604224865639, "s": "ETHUSDT", "a": 171023720, "p": "386.12000000", "q": "0.19418000", "f": 200715671, "l": 200715671, "T": 1604224865638, "m": false, "M": true}, {"e": "aggTrade", "E": 1604224866087, "s": "ETHUSDT", "a": 171023721, "p": "386.13000000", "q": "1.76055000", "f": 200715672, "l": 200715672, "T": 1604224866085, "m": true, "M": true}, {"e": "aggTrade", "E": 1604224866204, "s": "ETHUSDT", "a": 171023722, "p": "386.13000000", "q": "0.03357000", "f": 200715673, "l": 200715673, "T": 1604224866203, "m": true, "M": true}, {"e": "aggTrade", "E": 1604224866307, "s": "ETHUSDT", "a": 171023723, "p": "386.16000000", "q": "0.09000000", "f": 200715674, "l": 200715674, "T": 1604224866306, "m": true, "M": true}, {"e": "aggTrade", "E": 1604224866938, "s": "ETHUSDT", "a": 171023724, "p": "386.11000000", "q": "0.62100000", "f": 200715675, "l": 200715675, "T": 1604224866937, "m": false, "M": true}, {"e": "aggTrade", "E": 1604224868206, "s": "ETHUSDT", "a": 171023725, "p": "386.11000000", "q": "0.95465000", "f": 200715676, "l": 200715676, "T": 1604224868205, "m": true, "M": true}, {"e": "aggTrade", "E": 1604224870960, "s": "ETHUSDT", "a": 171023726, "p": "386.16000000", "q": "0.02958000", "f": 200715677, "l": 200715677, "T": 1604224870959, "m": false, "M": true}, {"e": "aggTrade", "E": 1604224874115, "s": "ETHUSDT", "a": 171023727, "p": "386.18000000", "q": "3.23200000", "f": 200715678, "l": 200715678, "T": 1604224874114, "m": false, "M": true}, {"e": "aggTrade", "E": 1604224874884, "s": "ETHUSDT", "a": 171023728, "p": "386.11000000", "q": "0.06455000", "f": 200715679, "l": 200715679, "T": 1604224874882, "m": false, "M": true}, {"e": "aggTrade", "E": 1604224875077, "s": "ETHUSDT", "a": 171023729, "p": "386.08000000", "q": "0.99200000", "f": 200715680, "l": 200715680, "T": 1604224875076, "m": false, "M": true}, {"e": "aggTrade", "E": 1604224875189, "s": "ETHUSDT", "a": 171023730, "p": "386.08000000", "q": "1.05597000", "f": 200715681, "l": 200715681, "T": 1604224875188, "m": false, "M": true}, {"e": "aggTrade", "E": 1604224875297, "s": "ETHUSDT", "a": 171023731, "p": "386.10000000", "q": "0.43300000", "f": 200715682, "l": 200715682, "T": 1604224875295, "m": false, "M": true}, {"e": "aggTrade", "E": 1604224875495, "s": "ETHUSDT", "a": 171023732, "p": "386.14000000", "q": "0.07100000", "f": 200715683, "l": 200715683, "T": 1604224875494, "m": false, "M": true}, {"e": "aggTrade", "E": 1604224875907, "s": "ETHUSDT", "a": 171023733, "p": "386.14000000", "q": "0.35500000", "f": 200715684, "l": 200715684, "T": 1604224875905, "m": false, "M": true}, {"e": "aggTrade", "E": 1604224876012, "s": "ETHUSDT", "a": 171023734, "p": "386.14000000", "q": "0.35500000", "f": 200715685, "l": 200715685, "T": 1604224876011, "m": false, "M": true}, {"e": "aggTrade", "E": 1604224877195, "s": "ETHUSDT", "a": 171023735, "p": "386.14000000", "q": "0.06900000", "f": 200715686, "l": 200715686, "T": 1604224877194, "m": false, "M": true}, {"e": "aggTrade", "E": 1604224879188, "s": "ETHUSDT", "a": 171023736, "p": "386.13000000", "q": "0.02848000", "f": 200715687, "l": 200715687, "T": 1604224879187, "m": false, "M": true}, {"e": "aggTrade", "E": 1604224882575, "s": "ETHUSDT", "a": 171023737, "p": "386.13000000", "q": "1.05732000", "f": 200715688, "l": 200715688, "T": 1604224882573, "m": true, "M": true}, {"e": "aggTrade", "E": 1604224882909, "s": "ETHUSDT", "a": 171023738, "p": "386.14000000", "q": "5.74300000", "f": 200715689, "l": 200715692, "T": 1604224882907, "m": false, "M": true}, {"e": "aggTrade", "E": 1604224883027, "s": "ETHUSDT", "a": 171023739, "p": "386.14000000", "q": "12.76700000", "f": 200715693, "l": 200715695, "T": 1604224883026, "m": false, "M": true}, {"e": "aggTrade", "E": 1604224884609, "s": "ETHUSDT", "a": 171023740, "p": "386.15000000", "q": "0.77674000", "f": 200715696, "l": 200715696, "T": 1604224884608, "m": true, "M": true}, {"e": "aggTrade", "E": 1604224885268, "s": "ETHUSDT", "a": 171023741, "p": "386.16000000", "q": "2.90000000", "f": 200715697, "l": 200715697, "T": 1604224885267, "m": false, "M": true}, {"e": "aggTrade", "E": 1604224885515, "s": "ETHUSDT", "a": 171023742, "p": "386.15000000", "q": "0.11219000", "f": 200715698, "l": 200715698, "T": 1604224885513, "m": true, "M": true}, {"e": "aggTrade", "E": 1604224885655, "s": "ETHUSDT", "a": 171023743, "p": "386.15000000", "q": "0.28000000", "f": 200715699, "l": 200715699, "T": 1604224885654, "m": true, "M": true}, {"e": "aggTrade", "E": 1604224885969, "s": "ETHUSDT", "a": 171023744, "p": "386.19000000", "q": "0.11469000", "f": 200715700, "l": 200715700, "T": 1604224885968, "m": false, "M": true}, {"e": "aggTrade", "E": 1604224885969, "s": "ETHUSDT", "a": 171023745, "p": "386.23000000", "q": "1.67394000", "f": 200715701, "l": 200715701, "T": 1604224885968, "m": false, "M": true}, {"e": "aggTrade", "E": 1604224885976, "s": "ETHUSDT", "a": 171023746, "p": "386.23000000", "q": "4.02471000", "f": 200715702, "l": 200715702, "T": 1604224885975, "m": false, "M": true}, {"e": "aggTrade", "E": 1604224886002, "s": "ETHUSDT", "a": 171023747, "p": "386.26000000", "q": "1.78863000", "f": 200715703, "l": 200715703, "T": 1604224885999, "m": false, "M": true}, {"e": "aggTrade", "E": 1604224886004, "s": "ETHUSDT", "a": 171023748, "p": "386.25000000", "q": "3.31511000", "f": 200715704, "l": 200715704, "T": 1604224886002, "m": false, "M": true}, {"e": "aggTrade", "E": 1604224886004, "s": "ETHUSDT", "a": 171023749, "p": "386.26000000", "q": "1.62204000", "f": 200715705, "l": 200715705, "T": 1604224886002, "m": false, "M": true}, {"e": "aggTrade", "E": 1604224886102, "s": "ETHUSDT", "a": 171023750, "p": "386.27000000", "q": "1.08948000", "f": 200715706, "l": 200715706, "T": 1604224886100, "m": true, "M": true}, {"e": "aggTrade", "E": 1604224886154, "s": "ETHUSDT", "a": 171023751, "p": "386.27000000", "q": "0.05007000", "f": 200715707, "l": 200715707, "T": 1604224886153, "m": true, "M": true}, {"e": "aggTrade", "E": 1604224886393, "s": "ETHUSDT", "a": 171023752, "p": "386.28000000", "q": "1.78863000", "f": 200715708, "l": 200715708, "T": 1604224886392, "m": false, "M": true}, {"e": "aggTrade", "E": 1604224886396, "s": "ETHUSDT", "a": 171023753, "p": "386.28000000", "q": "1.78863000", "f": 200715709, "l": 200715709, "T": 1604224886395, "m": false, "M": true}, {"e": "aggTrade", "E": 1604224886414, "s": "ETHUSDT", "a": 171023754, "p": "386.28000000", "q": "15.42274000", "f": 200715710, "l": 200715710, "T": 1604224886412, "m": false, "M": true}, {"e": "aggTrade", "E": 1604224886430, "s": "ETHUSDT", "a": 171023755, "p": "386.31000000", "q": "4.13700000", "f": 200715711, "l": 200715712, "T": 1604224886426, "m": false, "M": true}, {"e": "aggTrade", "E": 1604224886528, "s": "ETHUSDT", "a": 171023756, "p": "386.32000000", "q": "2.21119000", "f": 200715713, "l": 200715713, "T": 1604224886525, "m": true, "M": true}, {"e": "aggTrade", "E": 1604224887502, "s": "ETHUSDT", "a": 171023757, "p": "386.33000000", "q": "0.02892000", "f": 200715714, "l": 200715714, "T": 1604224887500, "m": false, "M": true}, {"e": "aggTrade", "E": 1604224891923, "s": "ETHUSDT", "a": 171023758, "p": "386.33000000", "q": "0.38321000", "f": 200715715, "l": 200715716, "T": 1604224891922, "m": false, "M": true}, {"e": "aggTrade", "E": 1604224891952, "s": "ETHUSDT", "a": 171023759, "p": "386.35000000", "q": "0.38321000", "f": 200715717, "l": 200715717, "T": 1604224891951, "m": false, "M": true}, {"e": "aggTrade", "E": 1604224892041, "s": "ETHUSDT", "a": 171023760, "p": "386.34000000", "q": "0.77636000", "f": 200715718, "l": 200715718, "T": 1604224892040, "m": true, "M": true}, {"e": "aggTrade", "E": 1604224892890, "s": "ETHUSDT", "a": 171023761, "p": "386.35000000", "q": "0.66808000", "f": 200715719, "l": 200715719, "T": 1604224892889, "m": false, "M": true}, {"e": "aggTrade", "E": 1604224892890, "s": "ETHUSDT", "a": 171023762, "p": "386.40000000", "q": "1.12010000", "f": 200715720, "l": 200715720, "T": 1604224892889, "m": false, "M": true}, {"e": "aggTrade", "E": 1604224893322, "s": "ETHUSDT", "a": 171023763, "p": "386.38000000", "q": "1.78818000", "f": 200715721, "l": 200715721, "T": 1604224893321, "m": false, "M": true}, {"e": "aggTrade", "E": 1604224893551, "s": "ETHUSDT", "a": 171023764, "p": "386.40000000", "q": "1.38902000", "f": 200715722, "l": 200715722, "T": 1604224893550, "m": false, "M": true}, {"e": "aggTrade", "E": 1604224893551, "s": "ETHUSDT", "a": 171023765, "p": "386.41000000", "q": "0.39916000", "f": 200715723, "l": 200715723, "T": 1604224893550, "m": false, "M": true}, {"e": "aggTrade", "E": 1604224893658, "s": "ETHUSDT", "a": 171023766, "p": "386.42000000", "q": "2.50000000", "f": 200715724, "l": 200715724, "T": 1604224893657, "m": true, "M": true}, {"e": "aggTrade", "E": 1604224893744, "s": "ETHUSDT", "a": 171023767, "p": "386.43000000", "q": "1.78790000", "f": 200715725, "l": 200715725, "T": 1604224893743, "m": false, "M": true}, {"e": "aggTrade", "E": 1604224893774, "s": "ETHUSDT", "a": 171023768, "p": "386.42000000", "q": "8.79657000", "f": 200715726, "l": 200715727, "T": 1604224893773, "m": true, "M": true}, {"e": "aggTrade", "E": 1604224894081, "s": "ETHUSDT", "a": 171023769, "p": "386.42000000", "q": "0.13200000", "f": 200715728, "l": 200715728, "T": 1604224894080, "m": true, "M": true}, {"e": "aggTrade", "E": 1604224894225, "s": "ETHUSDT", "a": 171023770, "p": "386.42000000", "q": "1.78790000", "f": 200715729, "l": 200715729, "T": 1604224894223, "m": false, "M": true}, {"e": "aggTrade", "E": 1604224894417, "s": "ETHUSDT", "a": 171023771, "p": "386.40000000", "q": "1.78790000", "f": 200715730, "l": 200715730, "T": 1604224894416, "m": false, "M": true}, {"e": "aggTrade", "E": 1604224895667, "s": "ETHUSDT", "a": 171023772, "p": "386.40000000", "q": "1.78790000", "f": 200715731, "l": 200715731, "T": 1604224895666, "m": false, "M": true}, {"e": "aggTrade", "E": 1604224895690, "s": "ETHUSDT", "a": 171023773, "p": "386.40000000", "q": "0.02965000", "f": 200715732, "l": 200715732, "T": 1604224895689, "m": false, "M": true}, {"e": "aggTrade", "E": 1604224896573, "s": "ETHUSDT", "a": 171023774, "p": "386.44000000", "q": "2.50000000", "f": 200715733, "l": 200715733, "T": 1604224896572, "m": true, "M": true}, {"e": "aggTrade", "E": 1604224896649, "s": "ETHUSDT", "a": 171023775, "p": "386.44000000", "q": "2.50000000", "f": 200715734, "l": 200715734, "T": 1604224896648, "m": true, "M": true}, {"e": "aggTrade", "E": 1604224896860, "s": "ETHUSDT", "a": 171023776, "p": "386.44000000", "q": "0.12892000", "f": 200715735, "l": 200715735, "T": 1604224896858, "m": true, "M": true}, {"e": "aggTrade", "E": 1604224897001, "s": "ETHUSDT", "a": 171023777, "p": "386.44000000", "q": "0.05921000", "f": 200715736, "l": 200715736, "T": 1604224897000, "m": true, "M": true}, {"e": "aggTrade", "E": 1604224897166, "s": "ETHUSDT", "a": 171023778, "p": "386.45000000", "q": "0.50330000", "f": 200715737, "l": 200715737, "T": 1604224897164, "m": false, "M": true}, {"e": "aggTrade", "E": 1604224897166, "s": "ETHUSDT", "a": 171023779, "p": "386.50000000", "q": "1.28460000", "f": 200715738, "l": 200715738, "T": 1604224897164, "m": false, "M": true}, {"e": "aggTrade", "E": 1604224897228, "s": "ETHUSDT", "a": 171023780, "p": "386.49000000", "q": "0.02588000", "f": 200715739, "l": 200715739, "T": 1604224897227, "m": true, "M": true}, {"e": "aggTrade", "E": 1604224897296, "s": "ETHUSDT", "a": 171023781, "p": "386.49000000", "q": "0.75000000", "f": 200715740, "l": 200715740, "T": 1604224897295, "m": true, "M": true}, {"e": "aggTrade", "E": 1604224897403, "s": "ETHUSDT", "a": 171023782, "p": "386.49000000", "q": "0.07758000", "f": 200715741, "l": 200715741, "T": 1604224897401, "m": true, "M": true}, {"e": "aggTrade", "E": 1604224898949, "s": "ETHUSDT", "a": 171023783, "p": "386.46000000", "q": "1.78784000", "f": 200715742, "l": 200715742, "T": 1604224898948, "m": false, "M": true}, {"e": "aggTrade", "E": 1604224898950, "s": "ETHUSDT", "a": 171023784, "p": "386.46000000", "q": "1.78784000", "f": 200715743, "l": 200715743, "T": 1604224898948, "m": false, "M": true}, {"e": "aggTrade", "E": 1604224899483, "s": "ETHUSDT", "a": 171023785, "p": "386.45000000", "q": "0.77614000", "f": 200715744, "l": 200715744, "T": 1604224899482, "m": true, "M": true}, {"e": "aggTrade", "E": 1604224899569, "s": "ETHUSDT", "a": 171023786, "p": "386.46000000", "q": "1.42432000", "f": 200715745, "l": 200715745, "T": 1604224899568, "m": false, "M": true}, {"e": "aggTrade", "E": 1604224899569, "s": "ETHUSDT", "a": 171023787, "p": "386.50000000", "q": "3.41067000", "f": 200715746, "l": 200715746, "T": 1604224899568, "m": false, "M": true}, {"e": "aggTrade", "E": 1604224899569, "s": "ETHUSDT", "a": 171023788, "p": "386.51000000", "q": "30.44352000", "f": 200715747, "l": 200715748, "T": 1604224899568, "m": false, "M": true}, {"e": "aggTrade", "E": 1604224899569, "s": "ETHUSDT", "a": 171023789, "p": "386.52000000", "q": "4.06786000", "f": 200715749, "l": 200715749, "T": 1604224899568, "m": false, "M": true}, {"e": "aggTrade", "E": 1604224899722, "s": "ETHUSDT", "a": 171023790, "p": "386.52000000", "q": "0.13321000", "f": 200715750, "l": 200715750, "T": 1604224899721, "m": true, "M": true}, {"e": "aggTrade", "E": 1604224899805, "s": "ETHUSDT", "a": 171023791, "p": "386.52000000", "q": "0.03598000", "f": 200715751, "l": 200715751, "T": 1604224899804, "m": true, "M": true}, {"e": "aggTrade", "E": 1604224899913, "s": "ETHUSDT", "a": 171023792, "p": "386.52000000", "q": "1.90906000", "f": 200715752, "l": 200715752, "T": 1604224899911, "m": true, "M": true}, {"e": "aggTrade", "E": 1604224899963, "s": "ETHUSDT", "a": 171023793, "p": "386.53000000", "q": "0.65638000", "f": 200715753, "l": 200715753, "T": 1604224899961, "m": false, "M": true}, {"e": "aggTrade", "E": 1604224900006, "s": "ETHUSDT", "a": 171023794, "p": "386.52000000", "q": "2.50000000", "f": 200715754, "l": 200715754, "T": 1604224900005, "m": true, "M": true}, {"e": "aggTrade", "E": 1604224900097, "s": "ETHUSDT", "a": 171023795, "p": "386.52000000", "q": "2.50000000", "f": 200715755, "l": 200715755, "T": 1604224900095, "m": true, "M": true}, {"e": "aggTrade", "E": 1604224900253, "s": "ETHUSDT", "a": 171023796, "p": "386.52000000", "q": "17.12612000", "f": 200715756, "l": 200715756, "T": 1604224900252, "m": true, "M": true}, {"e": "aggTrade", "E": 1604224900334, "s": "ETHUSDT", "a": 171023797, "p": "386.52000000", "q": "11.37388000", "f": 200715757, "l": 200715757, "T": 1604224900333, "m": true, "M": true}, {"e": "aggTrade", "E": 1604224900420, "s": "ETHUSDT", "a": 171023798, "p": "386.52000000", "q": "0.35400000", "f": 200715758, "l": 200715758, "T": 1604224900419, "m": true, "M": true}, {"e": "aggTrade", "E": 1604224900542, "s": "ETHUSDT", "a": 171023799, "p": "386.52000000", "q": "5.56138000", "f": 200715759, "l": 200715759, "T": 1604224900540, "m": true, "M": true}, {"e": "aggTrade", "E": 1604224900937, "s": "ETHUSDT", "a": 171023800, "p": "386.48000000", "q": "0.83150000", "f": 200715760, "l": 200715761, "T": 1604224900936, "m": true, "M": true}, {"e": "aggTrade", "E": 1604224901016, "s": "ETHUSDT", "a": 171023801, "p": "386.49000000", "q": "1.78784000", "f": 200715762, "l": 200715762, "T": 1604224901015, "m": false, "M": true}, {"e": "aggTrade", "E": 1604224901082, "s": "ETHUSDT", "a": 171023802, "p": "386.47000000", "q": "0.31900000", "f": 200715763, "l": 200715763, "T": 1604224901081, "m": true, "M": true}, {"e": "aggTrade", "E": 1604224901482, "s": "ETHUSDT", "a": 171023803, "p": "386.47000000", "q": "4.92900000", "f": 200715764, "l": 200715764, "T": 1604224901480, "m": true, "M": true}, {"e": "aggTrade", "E": 1604224901495, "s": "ETHUSDT", "a": 171023804, "p": "386.49000000", "q": "1.78784000", "f": 200715765, "l": 200715765, "T": 1604224901494, "m": false, "M": true}, {"e": "aggTrade", "E": 1604224901592, "s": "ETHUSDT", "a": 171023805, "p": "386.48000000", "q": "6.00000000", "f": 200715766, "l": 200715766, "T": 1604224901591, "m": true, "M": true}, {"e": "aggTrade", "E": 1604224901867, "s": "ETHUSDT", "a": 171023806, "p": "386.49000000", "q": "1.42432000", "f": 200715767, "l": 200715767, "T": 1604224901866, "m": false, "M": true}, {"e": "aggTrade", "E": 1604224901867, "s": "ETHUSDT", "a": 171023807, "p": "386.52000000", "q": "0.26881000", "f": 200715768, "l": 200715768, "T": 1604224901866, "m": false, "M": true}, {"e": "aggTrade", "E": 1604224901867, "s": "ETHUSDT", "a": 171023808, "p": "386.56000000", "q": "0.09471000", "f": 200715769, "l": 200715769, "T": 1604224901866, "m": false, "M": true}, {"e": "aggTrade", "E": 1604224901919, "s": "ETHUSDT", "a": 171023809, "p": "386.56000000", "q": "1.78784000", "f": 200715770, "l": 200715771, "T": 1604224901918, "m": false, "M": true}, {"e": "aggTrade", "E": 1604224902040, "s": "ETHUSDT", "a": 171023810, "p": "386.49000000", "q": "3.29365000", "f": 200715772, "l": 200715772, "T": 1604224902039, "m": true, "M": true}, {"e": "aggTrade", "E": 1604224902108, "s": "ETHUSDT", "a": 171023811, "p": "386.50000000", "q": "3.17680000", "f": 200715773, "l": 200715773, "T": 1604224902107, "m": true, "M": true}, {"e": "aggTrade", "E": 1604224902717, "s": "ETHUSDT", "a": 171023812, "p": "386.50000000", "q": "1.78784000", "f": 200715774, "l": 200715774, "T": 1604224902716, "m": false, "M": true}, {"e": "aggTrade", "E": 1604224903123, "s": "ETHUSDT", "a": 171023813, "p": "386.50000000", "q": "4.72500000", "f": 200715775, "l": 200715775, "T": 1604224903122, "m": false, "M": true}, {"e": "aggTrade", "E": 1604224903127, "s": "ETHUSDT", "a": 171023814, "p": "386.50000000", "q": "0.22710000", "f": 200715776, "l": 200715776, "T": 1604224903126, "m": false, "M": true}, {"e": "aggTrade", "E": 1604224903136, "s": "ETHUSDT", "a": 171023815, "p": "386.50000000", "q": "0.11632000", "f": 200715777, "l": 200715777, "T": 1604224903135, "m": false, "M": true}, {"e": "aggTrade", "E": 1604224903139, "s": "ETHUSDT", "a": 171023816, "p": "386.52000000", "q": "1.78784000", "f": 200715778, "l": 200715778, "T": 1604224903138, "m": false, "M": true}, {"e": "aggTrade", "E": 1604224903210, "s": "ETHUSDT", "a": 171023817, "p": "386.54000000", "q": "0.18589000", "f": 200715779, "l": 200715779, "T": 1604224903209, "m": false, "M": true}, {"e": "aggTrade", "E": 1604224903210, "s": "ETHUSDT", "a": 171023818, "p": "386.55000000", "q": "1.60195000", "f": 200715780, "l": 200715780, "T": 1604224903209, "m": false, "M": true}, {"e": "aggTrade", "E": 1604224903214, "s": "ETHUSDT", "a": 171023819, "p": "386.55000000", "q": "1.78784000", "f": 200715781, "l": 200715781, "T": 1604224903213, "m": false, "M": true}, {"e": "aggTrade", "E": 1604224903379, "s": "ETHUSDT", "a": 171023820, "p": "386.54000000", "q": "0.17757000", "f": 200715782, "l": 200715782, "T": 1604224903378, "m": true, "M": true}, {"e": "aggTrade", "E": 1604224903499, "s": "ETHUSDT", "a": 171023821, "p": "386.59000000", "q": "0.66671000", "f": 200715783, "l": 200715783, "T": 1604224903498, "m": true, "M": true}, {"e": "aggTrade", "E": 1604224903711, "s": "ETHUSDT", "a": 171023822, "p": "386.59000000", "q": "0.10939000", "f": 200715784, "l": 200715784, "T": 1604224903709, "m": true, "M": true}, {"e": "aggTrade", "E": 1604224903940, "s": "ETHUSDT", "a": 171023823, "p": "386.60000000", "q": "0.02914000", "f": 200715785, "l": 200715785, "T": 1604224903939, "m": false, "M": true}, {"e": "aggTrade", "E": 1604224904662, "s": "ETHUSDT", "a": 171023824, "p": "386.59000000", "q": "10.09673000", "f": 200715786, "l": 200715787, "T": 1604224904660, "m": true, "M": true}, {"e": "aggTrade", "E": 1604224905673, "s": "ETHUSDT", "a": 171023825, "p": "386.59000000", "q": "1.05964000", "f": 200715788, "l": 200715788, "T": 1604224905672, "m": true, "M": true}, {"e": "aggTrade", "E": 1604224906906, "s": "ETHUSDT", "a": 171023826, "p": "386.59000000", "q": "0.77586000", "f": 200715789, "l": 200715789, "T": 1604224906905, "m": true, "M": true}, {"e": "aggTrade", "E": 1604224909012, "s": "ETHUSDT", "a": 171023827, "p": "386.60000000", "q": "0.13759000", "f": 200715790, "l": 200715790, "T": 1604224909010, "m": false, "M": true}, {"e": "aggTrade", "E": 1604224909038, "s": "ETHUSDT", "a": 171023828, "p": "386.60000000", "q": "0.02914000", "f": 200715791, "l": 200715791, "T": 1604224909035, "m": false, "M": true}, {"e": "aggTrade", "E": 1604224909055, "s": "ETHUSDT", "a": 171023829, "p": "386.65000000", "q": "0.03879000", "f": 200715792, "l": 200715792, "T": 1604224909051, "m": false, "M": true}, {"e": "aggTrade", "E": 1604224909093, "s": "ETHUSDT", "a": 171023830, "p": "386.66000000", "q": "2.49235000", "f": 200715793, "l": 200715793, "T": 1604224909076, "m": false, "M": true}, {"e": "aggTrade", "E": 1604224909151, "s": "ETHUSDT", "a": 171023831, "p": "386.69000000", "q": "5.35068000", "f": 200715794, "l": 200715795, "T": 1604224909119, "m": false, "M": true}, {"e": "aggTrade", "E": 1604224909151, "s": "ETHUSDT", "a": 171023832, "p": "386.70000000", "q": "98.02179000", "f": 200715796, "l": 200715796, "T": 1604224909119, "m": false, "M": true}, {"e": "aggTrade", "E": 1604224909159, "s": "ETHUSDT", "a": 171023833, "p": "386.69000000", "q": "0.79581000", "f": 200715797, "l": 200715797, "T": 1604224909125, "m": false, "M": true}, {"e": "aggTrade", "E": 1604224909204, "s": "ETHUSDT", "a": 171023834, "p": "386.70000000", "q": "1.55720000", "f": 200715798, "l": 200715798, "T": 1604224909164, "m": false, "M": true}, {"e": "aggTrade", "E": 1604224909215, "s": "ETHUSDT", "a": 171023835, "p": "386.70000000", "q": "51.34218000", "f": 200715799, "l": 200715801, "T": 1604224909171, "m": false, "M": true}, {"e": "aggTrade", "E": 1604224909238, "s": "ETHUSDT", "a": 171023836, "p": "386.71000000", "q": "0.25410000", "f": 200715802, "l": 200715802, "T": 1604224909188, "m": false, "M": true}, {"e": "aggTrade", "E": 1604224909238, "s": "ETHUSDT", "a": 171023837, "p": "386.72000000", "q": "0.03190000", "f": 200715803, "l": 200715803, "T": 1604224909188, "m": false, "M": true}, {"e": "aggTrade", "E": 1604224909240, "s": "ETHUSDT", "a": 171023838, "p": "386.72000000", "q": "0.17011000", "f": 200715804, "l": 200715804, "T": 1604224909189, "m": false, "M": true}, {"e": "aggTrade", "E": 1604224909240, "s": "ETHUSDT", "a": 171023839, "p": "386.77000000", "q": "0.76668000", "f": 200715805, "l": 200715805, "T": 1604224909189, "m": false, "M": true}, {"e": "aggTrade", "E": 1604224909240, "s": "ETHUSDT", "a": 171023840, "p": "386.79000000", "q": "0.49621000", "f": 200715806, "l": 200715807, "T": 1604224909189, "m": false, "M": true}, {"e": "aggTrade", "E": 1604224909536, "s": "ETHUSDT", "a": 171023841, "p": "386.75000000", "q": "5.00000000", "f": 200715808, "l": 200715808, "T": 1604224909491, "m": true, "M": true}, {"e": "aggTrade", "E": 1604224910267, "s": "ETHUSDT", "a": 171023842, "p": "386.78000000", "q": "3.25226000", "f": 200715809, "l": 200715809, "T": 1604224910265, "m": true, "M": true}, {"e": "aggTrade", "E": 1604224910267, "s": "ETHUSDT", "a": 171023843, "p": "386.77000000", "q": "2.74774000", "f": 200715810, "l": 200715810, "T": 1604224910265, "m": true, "M": true}, {"e": "aggTrade", "E": 1604224910569, "s": "ETHUSDT", "a": 171023844, "p": "386.78000000", "q": "0.65113000", "f": 200715811, "l": 200715811, "T": 1604224910567, "m": true, "M": true}, {"e": "aggTrade", "E": 1604224910569, "s": "ETHUSDT", "a": 171023845, "p": "386.77000000", "q": "1.84887000", "f": 200715812, "l": 200715812, "T": 1604224910567, "m": true, "M": true}, {"e": "aggTrade", "E": 1604224911792, "s": "ETHUSDT", "a": 171023846, "p": "386.77000000", "q": "5.00000000", "f": 200715813, "l": 200715813, "T": 1604224911791, "m": true, "M": true}, {"e": "aggTrade", "E": 1604224912119, "s": "ETHUSDT", "a": 171023847, "p": "386.78000000", "q": "0.03022000", "f": 200715814, "l": 200715814, "T": 1604224912117, "m": false, "M": true}, {"e": "aggTrade", "E": 1604224912155, "s": "ETHUSDT", "a": 171023848, "p": "386.78000000", "q": "0.08606000", "f": 200715815, "l": 200715815, "T": 1604224912153, "m": false, "M": true}, {"e": "aggTrade", "E": 1604224912218, "s": "ETHUSDT", "a": 171023849, "p": "386.81000000", "q": "5.00000000", "f": 200715816, "l": 200715816, "T": 1604224912216, "m": true, "M": true}, {"e": "aggTrade", "E": 1604224912218, "s": "ETHUSDT", "a": 171023850, "p": "386.77000000", "q": "2.27176000", "f": 200715817, "l": 200715817, "T": 1604224912216, "m": true, "M": true}, {"e": "aggTrade", "E": 1604224914338, "s": "ETHUSDT", "a": 171023851, "p": "386.78000000", "q": "0.77547000", "f": 200715818, "l": 200715819, "T": 1604224914337, "m": true, "M": true}, {"e": "aggTrade", "E": 1604224915772, "s": "ETHUSDT", "a": 171023852, "p": "386.78000000", "q": "1.76469000", "f": 200715820, "l": 200715820, "T": 1604224915770, "m": true, "M": true}, {"e": "aggTrade", "E": 1604224917309, "s": "ETHUSDT", "a": 171023853, "p": "386.76000000", "q": "10.00000000", "f": 200715821, "l": 200715821, "T": 1604224917308, "m": false, "M": true}, {"e": "aggTrade", "E": 1604224917638, "s": "ETHUSDT", "a": 171023854, "p": "386.76000000", "q": "3.54505000", "f": 200715822, "l": 200715822, "T": 1604224917636, "m": false, "M": true}, {"e": "aggTrade", "E": 1604224918502, "s": "ETHUSDT", "a": 171023855, "p": "386.75000000", "q": "2.23671000", "f": 200715823, "l": 200715823, "T": 1604224918501, "m": true, "M": true}, {"e": "aggTrade", "E": 1604224918616, "s": "ETHUSDT", "a": 171023856, "p": "386.70000000", "q": "0.27162000", "f": 200715824, "l": 200715824, "T": 1604224918614, "m": true, "M": true}, {"e": "aggTrade", "E": 1604224918750, "s": "ETHUSDT", "a": 171023857, "p": "386.65000000", "q": "1.23764000", "f": 200715825, "l": 200715825, "T": 1604224918749, "m": false, "M": true}, {"e": "aggTrade", "E": 1604224919203, "s": "ETHUSDT", "a": 171023858, "p": "386.65000000", "q": "7.65965000", "f": 200715826, "l": 200715826, "T": 1604224919202, "m": false, "M": true}, {"e": "aggTrade", "E": 1604224919370, "s": "ETHUSDT", "a": 171023859, "p": "386.65000000", "q": "2.33200000", "f": 200715827, "l": 200715827, "T": 1604224919369, "m": false, "M": true}, {"e": "aggTrade", "E": 1604224920024, "s": "ETHUSDT", "a": 171023860, "p": "386.65000000", "q": "0.16970000", "f": 200715828, "l": 200715828, "T": 1604224920023, "m": true, "M": true}, {"e": "aggTrade", "E": 1604224920339, "s": "ETHUSDT", "a": 171023861, "p": "386.67000000", "q": "0.02885000", "f": 200715829, "l": 200715829, "T": 1604224920338, "m": false, "M": true}, {"e": "aggTrade", "E": 1604224920430, "s": "ETHUSDT", "a": 171023862, "p": "386.67000000", "q": "2.72100000", "f": 200715830, "l": 200715830, "T": 1604224920429, "m": false, "M": true}, {"e": "aggTrade", "E": 1604224921101, "s": "ETHUSDT", "a": 171023863, "p": "386.67000000", "q": "5.94400000", "f": 200715831, "l": 200715832, "T": 1604224921099, "m": false, "M": true}, {"e": "aggTrade", "E": 1604224921818, "s": "ETHUSDT", "a": 171023864, "p": "386.66000000", "q": "0.20000000", "f": 200715833, "l": 200715833, "T": 1604224921817, "m": true, "M": true}, {"e": "aggTrade", "E": 1604224921818, "s": "ETHUSDT", "a": 171023865, "p": "386.59000000", "q": "0.57582000", "f": 200715834, "l": 200715834, "T": 1604224921817, "m": true, "M": true}, {"e": "aggTrade", "E": 1604224922114, "s": "ETHUSDT", "a": 171023866, "p": "386.60000000", "q": "0.20000000", "f": 200715835, "l": 200715835, "T": 1604224922113, "m": true, "M": true}, {"e": "aggTrade", "E": 1604224922114, "s": "ETHUSDT", "a": 171023867, "p": "386.59000000", "q": "0.13606000", "f": 200715836, "l": 200715836, "T": 1604224922113, "m": true, "M": true}, {"e": "aggTrade", "E": 1604224922114, "s": "ETHUSDT", "a": 171023868, "p": "386.55000000", "q": "0.74756000", "f": 200715837, "l": 200715837, "T": 1604224922113, "m": true, "M": true}, {"e": "aggTrade", "E": 1604224922145, "s": "ETHUSDT", "a": 171023869, "p": "386.61000000", "q": "1.86800000", "f": 200715838, "l": 200715838, "T": 1604224922143, "m": false, "M": true}, {"e": "aggTrade", "E": 1604224924464, "s": "ETHUSDT", "a": 171023870, "p": "386.66000000", "q": "1.70877000", "f": 200715839, "l": 200715840, "T": 1604224924462, "m": true, "M": true}, {"e": "aggTrade", "E": 1604224924517, "s": "ETHUSDT", "a": 171023871, "p": "386.64000000", "q": "0.20000000", "f": 200715841, "l": 200715841, "T": 1604224924516, "m": true, "M": true}, {"e": "aggTrade", "E": 1604224924531, "s": "ETHUSDT", "a": 171023872, "p": "386.62000000", "q": "0.21017000", "f": 200715842, "l": 200715842, "T": 1604224924529, "m": true, "M": true}, {"e": "aggTrade", "E": 1604224924588, "s": "ETHUSDT", "a": 171023873, "p": "386.62000000", "q": "6.38300000", "f": 200715843, "l": 200715843, "T": 1604224924586, "m": false, "M": true}, {"e": "aggTrade", "E": 1604224924639, "s": "ETHUSDT", "a": 171023874, "p": "386.61000000", "q": "0.04603000", "f": 200715844, "l": 200715844, "T": 1604224924637, "m": true, "M": true}, {"e": "aggTrade", "E": 1604224924724, "s": "ETHUSDT", "a": 171023875, "p": "386.59000000", "q": "1.94670000", "f": 200715845, "l": 200715845, "T": 1604224924723, "m": false, "M": true}, {"e": "aggTrade", "E": 1604224924742, "s": "ETHUSDT", "a": 171023876, "p": "386.58000000", "q": "0.24768000", "f": 200715846, "l": 200715846, "T": 1604224924739, "m": true, "M": true}, {"e": "aggTrade", "E": 1604224924804, "s": "ETHUSDT", "a": 171023877, "p": "386.56000000", "q": "0.31900000", "f": 200715847, "l": 200715847, "T": 1604224924802, "m": false, "M": true}, {"e": "aggTrade", "E": 1604224924907, "s": "ETHUSDT", "a": 171023878, "p": "386.56000000", "q": "3.78800000", "f": 200715848, "l": 200715848, "T": 1604224924905, "m": false, "M": true}, {"e": "aggTrade", "E": 1604224925130, "s": "ETHUSDT", "a": 171023879, "p": "386.56000000", "q": "0.31900000", "f": 200715849, "l": 200715849, "T": 1604224925129, "m": false, "M": true}, {"e": "aggTrade", "E": 1604224925325, "s": "ETHUSDT", "a": 171023880, "p": "386.56000000", "q": "0.47450000", "f": 200715850, "l": 200715850, "T": 1604224925324, "m": false, "M": true}, {"e": "aggTrade", "E": 1604224925398, "s": "ETHUSDT", "a": 171023881, "p": "386.55000000", "q": "0.05000000", "f": 200715851, "l": 200715851, "T": 1604224925397, "m": true, "M": true}, {"e": "aggTrade", "E": 1604224925503, "s": "ETHUSDT", "a": 171023882, "p": "386.56000000", "q": "0.14100000", "f": 200715852, "l": 200715853, "T": 1604224925501, "m": false, "M": true}, {"e": "aggTrade", "E": 1604224925779, "s": "ETHUSDT", "a": 171023883, "p": "386.55000000", "q": "7.20244000", "f": 200715854, "l": 200715854, "T": 1604224925778, "m": true, "M": true}, {"e": "aggTrade", "E": 1604224926131, "s": "ETHUSDT", "a": 171023884, "p": "386.46000000", "q": "1.04791000", "f": 200715855, "l": 200715855, "T": 1604224926130, "m": false, "M": true}, {"e": "aggTrade", "E": 1604224926216, "s": "ETHUSDT", "a": 171023885, "p": "386.46000000", "q": "4.55000000", "f": 200715856, "l": 200715856, "T": 1604224926215, "m": false, "M": true}, {"e": "aggTrade", "E": 1604224926408, "s": "ETHUSDT", "a": 171023886, "p": "386.46000000", "q": "4.40200000", "f": 200715857, "l": 200715857, "T": 1604224926407, "m": false, "M": true}, {"e": "aggTrade", "E": 1604224926550, "s": "ETHUSDT", "a": 171023887, "p": "386.47000000", "q": "2.85000000", "f": 200715858, "l": 200715858, "T": 1604224926549, "m": false, "M": true}, {"e": "aggTrade", "E": 1604224926961, "s": "ETHUSDT", "a": 171023888, "p": "386.46000000", "q": "0.04000000", "f": 200715859, "l": 200715859, "T": 1604224926959, "m": true, "M": true}, {"e": "aggTrade", "E": 1604224928570, "s": "ETHUSDT", "a": 171023889, "p": "386.42000000", "q": "0.02857000", "f": 200715860, "l": 200715860, "T": 1604224928569, "m": false, "M": true}, {"e": "aggTrade", "E": 1604224928955, "s": "ETHUSDT", "a": 171023890, "p": "386.41000000", "q": "0.04000000", "f": 200715861, "l": 200715861, "T": 1604224928954, "m": true, "M": true}, {"e": "aggTrade", "E": 1604224929268, "s": "ETHUSDT", "a": 171023891, "p": "386.41000000", "q": "0.77622000", "f": 200715862, "l": 200715862, "T": 1604224929266, "m": true, "M": true}, {"e": "aggTrade", "E": 1604224929675, "s": "ETHUSDT", "a": 171023892, "p": "386.42000000", "q": "0.07381000", "f": 200715863, "l": 200715863, "T": 1604224929674, "m": false, "M": true}, {"e": "aggTrade", "E": 1604224929704, "s": "ETHUSDT", "a": 171023893, "p": "386.41000000", "q": "6.00000000", "f": 200715864, "l": 200715864, "T": 1604224929702, "m": true, "M": true}, {"e": "aggTrade", "E": 1604224929960, "s": "ETHUSDT", "a": 171023894, "p": "386.40000000", "q": "0.04000000", "f": 200715865, "l": 200715866, "T": 1604224929958, "m": true, "M": true}, {"e": "aggTrade", "E": 1604224929995, "s": "ETHUSDT", "a": 171023895, "p": "386.40000000", "q": "3.39300000", "f": 200715867, "l": 200715867, "T": 1604224929993, "m": true, "M": true}, {"e": "aggTrade", "E": 1604224930347, "s": "ETHUSDT", "a": 171023896, "p": "386.39000000", "q": "3.00000000", "f": 200715868, "l": 200715868, "T": 1604224930346, "m": true, "M": true}, {"e": "aggTrade", "E": 1604224930425, "s": "ETHUSDT", "a": 171023897, "p": "386.42000000", "q": "3.00400000", "f": 200715869, "l": 200715869, "T": 1604224930423, "m": true, "M": true}, {"e": "aggTrade", "E": 1604224930619, "s": "ETHUSDT", "a": 171023898, "p": "386.38000000", "q": "5.21400000", "f": 200715870, "l": 200715871, "T": 1604224930617, "m": false, "M": true}, {"e": "aggTrade", "E": 1604224931056, "s": "ETHUSDT", "a": 171023899, "p": "386.32000000", "q": "1.94790000", "f": 200715872, "l": 200715872, "T": 1604224931055, "m": false, "M": true}, {"e": "aggTrade", "E": 1604224931131, "s": "ETHUSDT", "a": 171023900, "p": "386.32000000", "q": "0.28600000", "f": 200715873, "l": 200715873, "T": 1604224931129, "m": false, "M": true}, {"e": "aggTrade", "E": 1604224931245, "s": "ETHUSDT", "a": 171023901, "p": "386.32000000", "q": "0.10400000", "f": 200715874, "l": 200715874, "T": 1604224931243, "m": false, "M": true}, {"e": "aggTrade", "E": 1604224931363, "s": "ETHUSDT", "a": 171023902, "p": "386.32000000", "q": "9.61000000", "f": 200715875, "l": 200715875, "T": 1604224931361, "m": false, "M": true}, {"e": "aggTrade", "E": 1604224931474, "s": "ETHUSDT", "a": 171023903, "p": "386.38000000", "q": "0.14661000", "f": 200715876, "l": 200715876, "T": 1604224931473, "m": false, "M": true}, {"e": "aggTrade", "E": 1604224931794, "s": "ETHUSDT", "a": 171023904, "p": "386.33000000", "q": "1.80129000", "f": 200715877, "l": 200715877, "T": 1604224931793, "m": false, "M": true}, {"e": "aggTrade", "E": 1604224931883, "s": "ETHUSDT", "a": 171023905, "p": "386.33000000", "q": "0.07100000", "f": 200715878, "l": 200715878, "T": 1604224931882, "m": false, "M": true}, {"e": "aggTrade", "E": 1604224932104, "s": "ETHUSDT", "a": 171023906, "p": "386.32000000", "q": "1.79000000", "f": 200715879, "l": 200715879, "T": 1604224932103, "m": false, "M": true}, {"e": "aggTrade", "E": 1604224932312, "s": "ETHUSDT", "a": 171023907, "p": "386.24000000", "q": "8.80000000", "f": 200715880, "l": 200715881, "T": 1604224932311, "m": true, "M": true}, {"e": "aggTrade", "E": 1604224932322, "s": "ETHUSDT", "a": 171023908, "p": "386.25000000", "q": "5.00000000", "f": 200715882, "l": 200715882, "T": 1604224932321, "m": false, "M": true}, {"e": "aggTrade", "E": 1604224932463, "s": "ETHUSDT", "a": 171023909, "p": "386.26000000", "q": "0.50000000", "f": 200715883, "l": 200715883, "T": 1604224932462, "m": false, "M": true}, {"e": "aggTrade", "E": 1604224932649, "s": "ETHUSDT", "a": 171023910, "p": "386.26000000", "q": "0.35400000", "f": 200715884, "l": 200715884, "T": 1604224932647, "m": false, "M": true}, {"e": "aggTrade", "E": 1604224934569, "s": "ETHUSDT", "a": 171023911, "p": "386.26000000", "q": "0.19600000", "f": 200715885, "l": 200715885, "T": 1604224934567, "m": false, "M": true}, {"e": "aggTrade", "E": 1604224934797, "s": "ETHUSDT", "a": 171023912, "p": "386.26000000", "q": "0.00063000", "f": 200715886, "l": 200715886, "T": 1604224934796, "m": false, "M": true}, {"e": "aggTrade", "E": 1604224934797, "s": "ETHUSDT", "a": 171023913, "p": "386.29000000", "q": "0.02963000", "f": 200715887, "l": 200715887, "T": 1604224934796, "m": false, "M": true}, {"e": "aggTrade", "E": 1604224935091, "s": "ETHUSDT", "a": 171023914, "p": "386.33000000", "q": "0.27928000", "f": 200715888, "l": 200715888, "T": 1604224935090, "m": true, "M": true}, {"e": "aggTrade", "E": 1604224935113, "s": "ETHUSDT", "a": 171023915, "p": "386.34000000", "q": "6.15641000", "f": 200715889, "l": 200715889, "T": 1604224935112, "m": false, "M": true}, {"e": "aggTrade", "E": 1604224936714, "s": "ETHUSDT", "a": 171023916, "p": "386.27000000", "q": "0.77650000", "f": 200715890, "l": 200715890, "T": 1604224936713, "m": true, "M": true}, {"e": "aggTrade", "E": 1604224938606, "s": "ETHUSDT", "a": 171023917, "p": "386.40000000", "q": "5.00000000", "f": 200715891, "l": 200715891, "T": 1604224938605, "m": true, "M": true}, {"e": "aggTrade", "E": 1604224938702, "s": "ETHUSDT", "a": 171023918, "p": "386.41000000", "q": "0.15400000", "f": 200715892, "l": 200715892, "T": 1604224938700, "m": true, "M": true}, {"e": "aggTrade", "E": 1604224938929, "s": "ETHUSDT", "a": 171023919, "p": "386.45000000", "q": "2.30615000", "f": 200715893, "l": 200715893, "T": 1604224938927, "m": true, "M": true}, {"e": "aggTrade", "E": 1604224939203, "s": "ETHUSDT", "a": 171023920, "p": "386.48000000", "q": "5.00000000", "f": 200715894, "l": 200715894, "T": 1604224939201, "m": false, "M": true}, {"e": "aggTrade", "E": 1604224939317, "s": "ETHUSDT", "a": 171023921, "p": "386.51000000", "q": "0.10465000", "f": 200715895, "l": 200715895, "T": 1604224939315, "m": true, "M": true}, {"e": "aggTrade", "E": 1604224939387, "s": "ETHUSDT", "a": 171023922, "p": "386.50000000", "q": "0.47500000", "f": 200715896, "l": 200715896, "T": 1604224939386, "m": true, "M": true}, {"e": "aggTrade", "E": 1604224940695, "s": "ETHUSDT", "a": 171023923, "p": "386.54000000", "q": "6.00000000", "f": 200715897, "l": 200715897, "T": 1604224940693, "m": false, "M": true}, {"e": "aggTrade", "E": 1604224941841, "s": "ETHUSDT", "a": 171023924, "p": "386.56000000", "q": "3.77000000", "f": 200715898, "l": 200715898, "T": 1604224941839, "m": true, "M": true}, {"e": "aggTrade", "E": 1604224943080, "s": "ETHUSDT", "a": 171023925, "p": "386.60000000", "q": "0.02683000", "f": 200715899, "l": 200715899, "T": 1604224943079, "m": false, "M": true}, {"e": "aggTrade", "E": 1604224943080, "s": "ETHUSDT", "a": 171023926, "p": "386.66000000", "q": "0.00401000", "f": 200715900, "l": 200715900, "T": 1604224943079, "m": false, "M": true}, {"e": "aggTrade", "E": 1604224943208, "s": "ETHUSDT", "a": 171023927, "p": "386.62000000", "q": "3.36499000", "f": 200715901, "l": 200715901, "T": 1604224943207, "m": true, "M": true}, {"e": "aggTrade", "E": 1604224943317, "s": "ETHUSDT", "a": 171023928, "p": "386.62000000", "q": "2.32888000", "f": 200715902, "l": 200715902, "T": 1604224943316, "m": true, "M": true}, {"e": "aggTrade", "E": 1604224943436, "s": "ETHUSDT", "a": 171023929, "p": "386.62000000", "q": "0.05169000", "f": 200715903, "l": 200715903, "T": 1604224943434, "m": true, "M": true}, {"e": "aggTrade", "E": 1604224944176, "s": "ETHUSDT", "a": 171023930, "p": "386.60000000", "q": "0.14405000", "f": 200715904, "l": 200715904, "T": 1604224944175, "m": true, "M": true}, {"e": "aggTrade", "E": 1604224944176, "s": "ETHUSDT", "a": 171023931, "p": "386.59000000", "q": "0.63180000", "f": 200715905, "l": 200715905, "T": 1604224944175, "m": true, "M": true}, {"e": "aggTrade", "E": 1604224945355, "s": "ETHUSDT", "a": 171023932, "p": "386.62000000", "q": "0.06710000", "f": 200715906, "l": 200715906, "T": 1604224945354, "m": true, "M": true}, {"e": "aggTrade", "E": 1604224948043, "s": "ETHUSDT", "a": 171023933, "p": "386.50000000", "q": "6.00000000", "f": 200715907, "l": 200715907, "T": 1604224948041, "m": true, "M": true}, {"e": "aggTrade", "E": 1604224948063, "s": "ETHUSDT", "a": 171023934, "p": "386.50000000", "q": "13.74950000", "f": 200715908, "l": 200715908, "T": 1604224948061, "m": true, "M": true}, {"e": "aggTrade", "E": 1604224948795, "s": "ETHUSDT", "a": 171023935, "p": "386.51000000", "q": "0.07760000", "f": 200715909, "l": 200715909, "T": 1604224948794, "m": false, "M": true}, {"e": "aggTrade", "E": 1604224948808, "s": "ETHUSDT", "a": 171023936, "p": "386.50000000", "q": "17.19300000", "f": 200715910, "l": 200715910, "T": 1604224948806, "m": true, "M": true}, {"e": "aggTrade", "E": 1604224949353, "s": "ETHUSDT", "a": 171023937, "p": "386.50000000", "q": "0.16396000", "f": 200715911, "l": 200715911, "T": 1604224949351, "m": true, "M": true}, {"e": "aggTrade", "E": 1604224949534, "s": "ETHUSDT", "a": 171023938, "p": "386.51000000", "q": "0.63800000", "f": 200715912, "l": 200715912, "T": 1604224949533, "m": false, "M": true}, {"e": "aggTrade", "E": 1604224949876, "s": "ETHUSDT", "a": 171023939, "p": "386.50000000", "q": "0.85100000", "f": 200715913, "l": 200715913, "T": 1604224949874, "m": true, "M": true}, {"e": "aggTrade", "E": 1604224949972, "s": "ETHUSDT", "a": 171023940, "p": "386.50000000", "q": "3.00000000", "f": 200715914, "l": 200715914, "T": 1604224949971, "m": true, "M": true}, {"e": "aggTrade", "E": 1604224951227, "s": "ETHUSDT", "a": 171023941, "p": "386.51000000", "q": "0.03036000", "f": 200715915, "l": 200715915, "T": 1604224951225, "m": false, "M": true}, {"e": "aggTrade", "E": 1604224951609, "s": "ETHUSDT", "a": 171023942, "p": "386.50000000", "q": "0.77604000", "f": 200715916, "l": 200715916, "T": 1604224951608, "m": true, "M": true}, {"e": "aggTrade", "E": 1604224952665, "s": "ETHUSDT", "a": 171023943, "p": "386.50000000", "q": "2.50000000", "f": 200715917, "l": 200715917, "T": 1604224952664, "m": true, "M": true}, {"e": "aggTrade", "E": 1604224952666, "s": "ETHUSDT", "a": 171023944, "p": "386.50000000", "q": "8.35615000", "f": 200715918, "l": 200715918, "T": 1604224952665, "m": true, "M": true}, {"e": "aggTrade", "E": 1604224952669, "s": "ETHUSDT", "a": 171023945, "p": "386.50000000", "q": "13.50000000", "f": 200715919, "l": 200715919, "T": 1604224952668, "m": true, "M": true}, {"e": "aggTrade", "E": 1604224952670, "s": "ETHUSDT", "a": 171023946, "p": "386.50000000", "q": "2.50000000", "f": 200715920, "l": 200715920, "T": 1604224952669, "m": true, "M": true}, {"e": "aggTrade", "E": 1604224952677, "s": "ETHUSDT", "a": 171023947, "p": "386.50000000", "q": "74.50000000", "f": 200715921, "l": 200715921, "T": 1604224952675, "m": true, "M": true}, {"e": "aggTrade", "E": 1604224952679, "s": "ETHUSDT", "a": 171023948, "p": "386.50000000", "q": "21.00000000", "f": 200715922, "l": 200715922, "T": 1604224952678, "m": true, "M": true}, {"e": "aggTrade", "E": 1604224952682, "s": "ETHUSDT", "a": 171023949, "p": "386.50000000", "q": "2.07920000", "f": 200715923, "l": 200715923, "T": 1604224952680, "m": true, "M": true}, {"e": "aggTrade", "E": 1604224952709, "s": "ETHUSDT", "a": 171023950, "p": "386.50000000", "q": "8.35614000", "f": 200715924, "l": 200715924, "T": 1604224952708, "m": true, "M": true}, {"e": "aggTrade", "E": 1604224958283, "s": "ETHUSDT", "a": 171023951, "p": "386.51000000", "q": "20.25310000", "f": 200715925, "l": 200715925, "T": 1604224958282, "m": false, "M": true}, {"e": "aggTrade", "E": 1604224958373, "s": "ETHUSDT", "a": 171023952, "p": "386.50000000", "q": "0.00001000", "f": 200715926, "l": 200715926, "T": 1604224958372, "m": true, "M": true}, {"e": "aggTrade", "E": 1604224958664, "s": "ETHUSDT", "a": 171023953, "p": "386.46000000", "q": "6.00000000", "f": 200715927, "l": 200715927, "T": 1604224958663, "m": false, "M": true}, {"e": "aggTrade", "E": 1604224959056, "s": "ETHUSDT", "a": 171023954, "p": "386.45000000", "q": "0.77614000", "f": 200715928, "l": 200715928, "T": 1604224959055, "m": true, "M": true}, {"e": "aggTrade", "E": 1604224959458, "s": "ETHUSDT", "a": 171023955, "p": "386.45000000", "q": "0.02887000", "f": 200715929, "l": 200715929, "T": 1604224959456, "m": false, "M": true}, {"e": "aggTrade", "E": 1604224959908, "s": "ETHUSDT", "a": 171023956, "p": "386.45000000", "q": "0.39500000", "f": 200715930, "l": 200715930, "T": 1604224959906, "m": false, "M": true}, {"e": "aggTrade", "E": 1604224960229, "s": "ETHUSDT", "a": 171023957, "p": "386.45000000", "q": "0.23088000", "f": 200715931, "l": 200715931, "T": 1604224960228, "m": true, "M": true}, {"e": "aggTrade", "E": 1604224960558, "s": "ETHUSDT", "a": 171023958, "p": "386.45000000", "q": "2.65500000", "f": 200715932, "l": 200715932, "T": 1604224960556, "m": false, "M": true}, {"e": "aggTrade", "E": 1604224961580, "s": "ETHUSDT", "a": 171023959, "p": "386.45000000", "q": "0.00064000", "f": 200715933, "l": 200715933, "T": 1604224961578, "m": false, "M": true}, {"e": "aggTrade", "E": 1604224961580, "s": "ETHUSDT", "a": 171023960, "p": "386.46000000", "q": "2.58797000", "f": 200715934, "l": 200715934, "T": 1604224961578, "m": false, "M": true}, {"e": "aggTrade", "E": 1604224964082, "s": "ETHUSDT", "a": 171023961, "p": "386.39000000", "q": "0.84795000", "f": 200715935, "l": 200715935, "T": 1604224964081, "m": false, "M": true}, {"e": "aggTrade", "E": 1604224964082, "s": "ETHUSDT", "a": 171023962, "p": "386.40000000", "q": "0.27569000", "f": 200715936, "l": 200715936, "T": 1604224964081, "m": false, "M": true}, {"e": "aggTrade", "E": 1604224965221, "s": "ETHUSDT", "a": 171023963, "p": "386.40000000", "q": "5.00000000", "f": 200715937, "l": 200715937, "T": 1604224965220, "m": false, "M": true}, {"e": "aggTrade", "E": 1604224965221, "s": "ETHUSDT", "a": 171023964, "p": "386.41000000", "q": "11.08440000", "f": 200715938, "l": 200715939, "T": 1604224965220, "m": false, "M": true}, {"e": "aggTrade", "E": 1604224965797, "s": "ETHUSDT", "a": 171023965, "p": "386.44000000", "q": "14.78711000", "f": 200715940, "l": 200715940, "T": 1604224965795, "m": false, "M": true}, {"e": "aggTrade", "E": 1604224966488, "s": "ETHUSDT", "a": 171023966, "p": "386.38000000", "q": "0.26810000", "f": 200715941, "l": 200715941, "T": 1604224966486, "m": true, "M": true}, {"e": "aggTrade", "E": 1604224966488, "s": "ETHUSDT", "a": 171023967, "p": "386.35000000", "q": "0.50822000", "f": 200715942, "l": 200715942, "T": 1604224966486, "m": true, "M": true}, {"e": "aggTrade", "E": 1604224967623, "s": "ETHUSDT", "a": 171023968, "p": "386.45000000", "q": "1.66164000", "f": 200715943, "l": 200715943, "T": 1604224967622, "m": true, "M": true}, {"e": "aggTrade", "E": 1604224967680, "s": "ETHUSDT", "a": 171023969, "p": "386.46000000", "q": "0.03056000", "f": 200715944, "l": 200715944, "T": 1604224967680, "m": false, "M": true}, {"e": "aggTrade", "E": 1604224967957, "s": "ETHUSDT", "a": 171023970, "p": "386.46000000", "q": "5.14900000", "f": 200715945, "l": 200715945, "T": 1604224967956, "m": false, "M": true}, {"e": "aggTrade", "E": 1604224968039, "s": "ETHUSDT", "a": 171023971, "p": "386.46000000", "q": "0.18300000", "f": 200715946, "l": 200715946, "T": 1604224968038, "m": false, "M": true}, {"e": "aggTrade", "E": 1604224968731, "s": "ETHUSDT", "a": 171023972, "p": "386.45000000", "q": "0.14710000", "f": 200715947, "l": 200715947, "T": 1604224968730, "m": true, "M": true}, {"e": "aggTrade", "E": 1604224973422, "s": "ETHUSDT", "a": 171023973, "p": "386.46000000", "q": "0.08800000", "f": 200715948, "l": 200715949, "T": 1604224973421, "m": false, "M": true}, {"e": "aggTrade", "E": 1604224973842, "s": "ETHUSDT", "a": 171023974, "p": "386.45000000", "q": "1.02513000", "f": 200715950, "l": 200715950, "T": 1604224973840, "m": true, "M": true}, {"e": "aggTrade", "E": 1604224973963, "s": "ETHUSDT", "a": 171023975, "p": "386.45000000", "q": "0.88839000", "f": 200715951, "l": 200715951, "T": 1604224973962, "m": true, "M": true}, {"e": "aggTrade", "E": 1604224974192, "s": "ETHUSDT", "a": 171023976, "p": "386.45000000", "q": "0.76959000", "f": 200715952, "l": 200715952, "T": 1604224974190, "m": true, "M": true}, {"e": "aggTrade", "E": 1604224975465, "s": "ETHUSDT", "a": 171023977, "p": "386.45000000", "q": "0.05639000", "f": 200715953, "l": 200715953, "T": 1604224975464, "m": true, "M": true}, {"e": "aggTrade", "E": 1604224975638, "s": "ETHUSDT", "a": 171023978, "p": "386.45000000", "q": "2.11890000", "f": 200715954, "l": 200715955, "T": 1604224975636, "m": true, "M": true}, {"e": "aggTrade", "E": 1604224976079, "s": "ETHUSDT", "a": 171023979, "p": "386.46000000", "q": "0.00098000", "f": 200715956, "l": 200715956, "T": 1604224976078, "m": false, "M": true}, {"e": "aggTrade", "E": 1604224976079, "s": "ETHUSDT", "a": 171023980, "p": "386.54000000", "q": "0.02884000", "f": 200715957, "l": 200715957, "T": 1604224976078, "m": false, "M": true}, {"e": "aggTrade", "E": 1604224976268, "s": "ETHUSDT", "a": 171023981, "p": "386.49000000", "q": "4.99990000", "f": 200715958, "l": 200715958, "T": 1604224976267, "m": true, "M": true}, {"e": "aggTrade", "E": 1604224976547, "s": "ETHUSDT", "a": 171023982, "p": "386.46000000", "q": "2.14100000", "f": 200715959, "l": 200715959, "T": 1604224976546, "m": false, "M": true}, {"e": "aggTrade", "E": 1604224977200, "s": "ETHUSDT", "a": 171023983, "p": "386.51000000", "q": "0.55546000", "f": 200715960, "l": 200715960, "T": 1604224977199, "m": true, "M": true}, {"e": "aggTrade", "E": 1604224979197, "s": "ETHUSDT", "a": 171023984, "p": "386.55000000", "q": "1.42500000", "f": 200715961, "l": 200715961, "T": 1604224979195, "m": true, "M": true}, {"e": "aggTrade", "E": 1604224979724, "s": "ETHUSDT", "a": 171023985, "p": "386.60000000", "q": "5.07900000", "f": 200715962, "l": 200715962, "T": 1604224979723, "m": true, "M": true}, {"e": "aggTrade", "E": 1604224979827, "s": "ETHUSDT", "a": 171023986, "p": "386.60000000", "q": "6.00000000", "f": 200715963, "l": 200715963, "T": 1604224979825, "m": true, "M": true}, {"e": "aggTrade", "E": 1604224982043, "s": "ETHUSDT", "a": 171023987, "p": "386.61000000", "q": "0.12900000", "f": 200715964, "l": 200715964, "T": 1604224982042, "m": true, "M": true}, {"e": "aggTrade", "E": 1604224982791, "s": "ETHUSDT", "a": 171023988, "p": "386.61000000", "q": "4.00000000", "f": 200715965, "l": 200715965, "T": 1604224982789, "m": true, "M": true}, {"e": "aggTrade", "E": 1604224983114, "s": "ETHUSDT", "a": 171023989, "p": "386.61000000", "q": "16.05400000", "f": 200715966, "l": 200715967, "T": 1604224983113, "m": true, "M": true}, {"e": "aggTrade", "E": 1604224984511, "s": "ETHUSDT", "a": 171023990, "p": "386.62000000", "q": "0.03053000", "f": 200715968, "l": 200715968, "T": 1604224984510, "m": false, "M": true}, {"e": "aggTrade", "E": 1604224985225, "s": "ETHUSDT", "a": 171023991, "p": "386.57000000", "q": "4.44800000", "f": 200715969, "l": 200715969, "T": 1604224985224, "m": true, "M": true}, {"e": "aggTrade", "E": 1604224985335, "s": "ETHUSDT", "a": 171023992, "p": "386.54000000", "q": "1.94610000", "f": 200715970, "l": 200715970, "T": 1604224985334, "m": false, "M": true}, {"e": "aggTrade", "E": 1604224985580, "s": "ETHUSDT", "a": 171023993, "p": "386.51000000", "q": "0.02613000", "f": 200715971, "l": 200715971, "T": 1604224985579, "m": false, "M": true}, {"e": "aggTrade", "E": 1604224985919, "s": "ETHUSDT", "a": 171023994, "p": "386.51000000", "q": "0.02613000", "f": 200715972, "l": 200715972, "T": 1604224985918, "m": false, "M": true}, {"e": "aggTrade", "E": 1604224985941, "s": "ETHUSDT", "a": 171023995, "p": "386.51000000", "q": "0.02613000", "f": 200715973, "l": 200715973, "T": 1604224985939, "m": false, "M": true}, {"e": "aggTrade", "E": 1604224985976, "s": "ETHUSDT", "a": 171023996, "p": "386.54000000", "q": "0.14227000", "f": 200715974, "l": 200715974, "T": 1604224985975, "m": false, "M": true}, {"e": "aggTrade", "E": 1604224987236, "s": "ETHUSDT", "a": 171023997, "p": "386.42000000", "q": "1.91600000", "f": 200715975, "l": 200715975, "T": 1604224987235, "m": false, "M": true}, {"e": "aggTrade", "E": 1604224987522, "s": "ETHUSDT", "a": 171023998, "p": "386.45000000", "q": "0.63800000", "f": 200715976, "l": 200715976, "T": 1604224987521, "m": false, "M": true}, {"e": "aggTrade", "E": 1604224988370, "s": "ETHUSDT", "a": 171023999, "p": "386.45000000", "q": "0.39100000", "f": 200715977, "l": 200715977, "T": 1604224988368, "m": false, "M": true}, {"e": "aggTrade", "E": 1604224990312, "s": "ETHUSDT", "a": 171024000, "p": "386.51000000", "q": "5.00000000", "f": 200715978, "l": 200715978, "T": 1604224990311, "m": true, "M": true}, {"e": "aggTrade", "E": 1604224990515, "s": "ETHUSDT", "a": 171024001, "p": "386.50000000", "q": "0.19399000", "f": 200715979, "l": 200715979, "T": 1604224990514, "m": true, "M": true}, {"e": "aggTrade", "E": 1604224990744, "s": "ETHUSDT", "a": 171024002, "p": "386.52000000", "q": "0.02924000", "f": 200715980, "l": 200715980, "T": 1604224990743, "m": false, "M": true}, {"e": "aggTrade", "E": 1604224991772, "s": "ETHUSDT", "a": 171024003, "p": "386.50000000", "q": "0.13300000", "f": 200715981, "l": 200715981, "T": 1604224991770, "m": true, "M": true}, {"e": "aggTrade", "E": 1604224993360, "s": "ETHUSDT", "a": 171024004, "p": "386.50000000", "q": "0.23000000", "f": 200715982, "l": 200715983, "T": 1604224993358, "m": true, "M": true}, {"e": "aggTrade", "E": 1604224993881, "s": "ETHUSDT", "a": 171024005, "p": "386.50000000", "q": "0.31900000", "f": 200715984, "l": 200715985, "T": 1604224993880, "m": true, "M": true}, {"e": "aggTrade", "E": 1604224994848, "s": "ETHUSDT", "a": 171024006, "p": "386.53000000", "q": "0.19391000", "f": 200715986, "l": 200715986, "T": 1604224994847, "m": true, "M": true}, {"e": "aggTrade", "E": 1604224994944, "s": "ETHUSDT", "a": 171024007, "p": "386.55000000", "q": "0.03974000", "f": 200715987, "l": 200715987, "T": 1604224994943, "m": true, "M": true}, {"e": "aggTrade", "E": 1604224994954, "s": "ETHUSDT", "a": 171024008, "p": "386.55000000", "q": "0.75000000", "f": 200715988, "l": 200715988, "T": 1604224994952, "m": true, "M": true}, {"e": "aggTrade", "E": 1604224995625, "s": "ETHUSDT", "a": 171024009, "p": "386.53000000", "q": "0.40196000", "f": 200715989, "l": 200715989, "T": 1604224995624, "m": true, "M": true}, {"e": "aggTrade", "E": 1604224995625, "s": "ETHUSDT", "a": 171024010, "p": "386.52000000", "q": "9.56004000", "f": 200715990, "l": 200715990, "T": 1604224995624, "m": true, "M": true}, {"e": "aggTrade", "E": 1604224996163, "s": "ETHUSDT", "a": 171024011, "p": "386.50000000", "q": "0.04269000", "f": 200715991, "l": 200715991, "T": 1604224996161, "m": true, "M": true}, {"e": "aggTrade", "E": 1604224996956, "s": "ETHUSDT", "a": 171024012, "p": "386.52000000", "q": "0.03118000", "f": 200715992, "l": 200715992, "T": 1604224996955, "m": false, "M": true}, {"e": "aggTrade", "E": 1604224998412, "s": "ETHUSDT", "a": 171024013, "p": "386.45000000", "q": "0.03102000", "f": 200715993, "l": 200715993, "T": 1604224998411, "m": false, "M": true}, {"e": "aggTrade", "E": 1604225003999, "s": "ETHUSDT", "a": 171024014, "p": "386.45000000", "q": "3.00000000", "f": 200715994, "l": 200715994, "T": 1604225003998, "m": false, "M": true}, {"e": "aggTrade", "E": 1604225004401, "s": "ETHUSDT", "a": 171024015, "p": "386.48000000", "q": "0.63100000", "f": 200715995, "l": 200715995, "T": 1604225004399, "m": false, "M": true}, {"e": "aggTrade", "E": 1604225005163, "s": "ETHUSDT", "a": 171024016, "p": "386.48000000", "q": "0.03003000", "f": 200715996, "l": 200715996, "T": 1604225005162, "m": false, "M": true}, {"e": "aggTrade", "E": 1604225005809, "s": "ETHUSDT", "a": 171024017, "p": "386.47000000", "q": "0.06546000", "f": 200715997, "l": 200715997, "T": 1604225005808, "m": true, "M": true}, {"e": "aggTrade", "E": 1604225005810, "s": "ETHUSDT", "a": 171024018, "p": "386.47000000", "q": "0.11219000", "f": 200715998, "l": 200715998, "T": 1604225005809, "m": true, "M": true}, {"e": "aggTrade", "E": 1604225007596, "s": "ETHUSDT", "a": 171024019, "p": "386.44000000", "q": "0.26880000", "f": 200715999, "l": 200715999, "T": 1604225007595, "m": true, "M": true}, {"e": "aggTrade", "E": 1604225007886, "s": "ETHUSDT", "a": 171024020, "p": "386.42000000", "q": "14.62100000", "f": 200716000, "l": 200716000, "T": 1604225007884, "m": false, "M": true}, {"e": "aggTrade", "E": 1604225012671, "s": "ETHUSDT", "a": 171024021, "p": "386.46000000", "q": "14.66100000", "f": 200716001, "l": 200716001, "T": 1604225012670, "m": true, "M": true}, {"e": "aggTrade", "E": 1604225013432, "s": "ETHUSDT", "a": 171024022, "p": "386.48000000", "q": "0.02918000", "f": 200716002, "l": 200716002, "T": 1604225013431, "m": false, "M": true}, {"e": "aggTrade", "E": 1604225014442, "s": "ETHUSDT", "a": 171024023, "p": "386.53000000", "q": "0.28752000", "f": 200716003, "l": 200716003, "T": 1604225014440, "m": true, "M": true}, {"e": "aggTrade", "E": 1604225014542, "s": "ETHUSDT", "a": 171024024, "p": "386.53000000", "q": "1.26996000", "f": 200716004, "l": 200716004, "T": 1604225014540, "m": true, "M": true}, {"e": "aggTrade", "E": 1604225015439, "s": "ETHUSDT", "a": 171024025, "p": "386.60000000", "q": "0.35562000", "f": 200716005, "l": 200716005, "T": 1604225015437, "m": true, "M": true}, {"e": "aggTrade", "E": 1604225015613, "s": "ETHUSDT", "a": 171024026, "p": "386.60000000", "q": "0.35890000", "f": 200716006, "l": 200716006, "T": 1604225015612, "m": true, "M": true}, {"e": "aggTrade", "E": 1604225015859, "s": "ETHUSDT", "a": 171024027, "p": "386.62000000", "q": "0.25858000", "f": 200716007, "l": 200716007, "T": 1604225015858, "m": true, "M": true}, {"e": "aggTrade", "E": 1604225016045, "s": "ETHUSDT", "a": 171024028, "p": "386.62000000", "q": "6.33613000", "f": 200716008, "l": 200716008, "T": 1604225016044, "m": true, "M": true}, {"e": "aggTrade", "E": 1604225017824, "s": "ETHUSDT", "a": 171024029, "p": "386.64000000", "q": "11.00000000", "f": 200716009, "l": 200716009, "T": 1604225017823, "m": true, "M": true}, {"e": "aggTrade", "E": 1604225017920, "s": "ETHUSDT", "a": 171024030, "p": "386.64000000", "q": "0.30000000", "f": 200716010, "l": 200716010, "T": 1604225017919, "m": true, "M": true}, {"e": "aggTrade", "E": 1604225019270, "s": "ETHUSDT", "a": 171024031, "p": "386.64000000", "q": "0.07000000", "f": 200716011, "l": 200716011, "T": 1604225019269, "m": true, "M": true}, {"e": "aggTrade", "E": 1604225021678, "s": "ETHUSDT", "a": 171024032, "p": "386.62000000", "q": "0.03114000", "f": 200716012, "l": 200716012, "T": 1604225021676, "m": false, "M": true}, {"e": "aggTrade", "E": 1604225021740, "s": "ETHUSDT", "a": 171024033, "p": "386.62000000", "q": "0.11419000", "f": 200716013, "l": 200716013, "T": 1604225021739, "m": false, "M": true}, {"e": "aggTrade", "E": 1604225026946, "s": "ETHUSDT", "a": 171024034, "p": "386.64000000", "q": "3.00000000", "f": 200716014, "l": 200716015, "T": 1604225026945, "m": false, "M": true}, {"e": "aggTrade", "E": 1604225027441, "s": "ETHUSDT", "a": 171024035, "p": "386.64000000", "q": "3.47201000", "f": 200716016, "l": 200716016, "T": 1604225027440, "m": false, "M": true}, {"e": "aggTrade", "E": 1604225027441, "s": "ETHUSDT", "a": 171024036, "p": "386.65000000", "q": "8.66799000", "f": 200716017, "l": 200716017, "T": 1604225027440, "m": false, "M": true}, {"e": "aggTrade", "E": 1604225027676, "s": "ETHUSDT", "a": 171024037, "p": "386.69000000", "q": "0.17903000", "f": 200716018, "l": 200716018, "T": 1604225027675, "m": true, "M": true}, {"e": "aggTrade", "E": 1604225027783, "s": "ETHUSDT", "a": 171024038, "p": "386.69000000", "q": "0.05168000", "f": 200716019, "l": 200716019, "T": 1604225027781, "m": true, "M": true}, {"e": "aggTrade", "E": 1604225027884, "s": "ETHUSDT", "a": 171024039, "p": "386.69000000", "q": "0.03100000", "f": 200716020, "l": 200716020, "T": 1604225027882, "m": true, "M": true}, {"e": "aggTrade", "E": 1604225027991, "s": "ETHUSDT", "a": 171024040, "p": "386.69000000", "q": "0.06050000", "f": 200716021, "l": 200716021, "T": 1604225027990, "m": true, "M": true}, {"e": "aggTrade", "E": 1604225029881, "s": "ETHUSDT", "a": 171024041, "p": "386.70000000", "q": "0.02895000", "f": 200716022, "l": 200716022, "T": 1604225029880, "m": false, "M": true}, {"e": "aggTrade", "E": 1604225031479, "s": "ETHUSDT", "a": 171024042, "p": "386.69000000", "q": "0.12691000", "f": 200716023, "l": 200716023, "T": 1604225031475, "m": true, "M": true}, {"e": "aggTrade", "E": 1604225032622, "s": "ETHUSDT", "a": 171024043, "p": "386.71000000", "q": "6.00000000", "f": 200716024, "l": 200716024, "T": 1604225032621, "m": true, "M": true}, {"e": "aggTrade", "E": 1604225033767, "s": "ETHUSDT", "a": 171024044, "p": "386.72000000", "q": "0.03183000", "f": 200716025, "l": 200716025, "T": 1604225033766, "m": true, "M": true}, {"e": "aggTrade", "E": 1604225038073, "s": "ETHUSDT", "a": 171024045, "p": "386.73000000", "q": "0.03113000", "f": 200716026, "l": 200716026, "T": 1604225038072, "m": false, "M": true}, {"e": "aggTrade", "E": 1604225040238, "s": "ETHUSDT", "a": 171024046, "p": "386.72000000", "q": "0.92921000", "f": 200716027, "l": 200716027, "T": 1604225040237, "m": true, "M": true}, {"e": "aggTrade", "E": 1604225040602, "s": "ETHUSDT", "a": 171024047, "p": "386.72000000", "q": "2.44988000", "f": 200716028, "l": 200716028, "T": 1604225040601, "m": true, "M": true}, {"e": "aggTrade", "E": 1604225041970, "s": "ETHUSDT", "a": 171024048, "p": "386.72000000", "q": "0.00001000", "f": 200716029, "l": 200716029, "T": 1604225041969, "m": true, "M": true}, {"e": "aggTrade", "E": 1604225041970, "s": "ETHUSDT", "a": 171024049, "p": "386.67000000", "q": "0.27275000", "f": 200716030, "l": 200716030, "T": 1604225041969, "m": true, "M": true}, {"e": "aggTrade", "E": 1604225041970, "s": "ETHUSDT", "a": 171024050, "p": "386.66000000", "q": "2.14160000", "f": 200716031, "l": 200716031, "T": 1604225041969, "m": true, "M": true}, {"e": "aggTrade", "E": 1604225041970, "s": "ETHUSDT", "a": 171024051, "p": "386.65000000", "q": "0.71551000", "f": 200716032, "l": 200716032, "T": 1604225041969, "m": true, "M": true}, {"e": "aggTrade", "E": 1604225043616, "s": "ETHUSDT", "a": 171024052, "p": "386.72000000", "q": "0.95002000", "f": 200716033, "l": 200716033, "T": 1604225043615, "m": false, "M": true}, {"e": "aggTrade", "E": 1604225043884, "s": "ETHUSDT", "a": 171024053, "p": "386.71000000", "q": "0.50000000", "f": 200716034, "l": 200716034, "T": 1604225043882, "m": true, "M": true}, {"e": "aggTrade", "E": 1604225046304, "s": "ETHUSDT", "a": 171024054, "p": "386.67000000", "q": "0.03071000", "f": 200716035, "l": 200716035, "T": 1604225046303, "m": false, "M": true}, {"e": "aggTrade", "E": 1604225046797, "s": "ETHUSDT", "a": 171024055, "p": "386.67000000", "q": "0.25400000", "f": 200716036, "l": 200716036, "T": 1604225046796, "m": false, "M": true}, {"e": "aggTrade", "E": 1604225050823, "s": "ETHUSDT", "a": 171024056, "p": "386.72000000", "q": "0.24976000", "f": 200716037, "l": 200716037, "T": 1604225050820, "m": false, "M": true}, {"e": "aggTrade", "E": 1604225050868, "s": "ETHUSDT", "a": 171024057, "p": "386.72000000", "q": "0.12536000", "f": 200716038, "l": 200716038, "T": 1604225050866, "m": true, "M": true}, {"e": "aggTrade", "E": 1604225050876, "s": "ETHUSDT", "a": 171024058, "p": "386.73000000", "q": "0.35158000", "f": 200716039, "l": 200716039, "T": 1604225050874, "m": false, "M": true}, {"e": "aggTrade", "E": 1604225051012, "s": "ETHUSDT", "a": 171024059, "p": "386.77000000", "q": "1.27008000", "f": 200716040, "l": 200716040, "T": 1604225051011, "m": true, "M": true}, {"e": "aggTrade", "E": 1604225051094, "s": "ETHUSDT", "a": 171024060, "p": "386.77000000", "q": "0.25200000", "f": 200716041, "l": 200716041, "T": 1604225051093, "m": true, "M": true}, {"e": "aggTrade", "E": 1604225051200, "s": "ETHUSDT", "a": 171024061, "p": "386.77000000", "q": "19.42900000", "f": 200716042, "l": 200716045, "T": 1604225051199, "m": true, "M": true}, {"e": "aggTrade", "E": 1604225051527, "s": "ETHUSDT", "a": 171024062, "p": "386.77000000", "q": "0.14200000", "f": 200716046, "l": 200716046, "T": 1604225051526, "m": true, "M": true}, {"e": "aggTrade", "E": 1604225051630, "s": "ETHUSDT", "a": 171024063, "p": "386.77000000", "q": "6.00000000", "f": 200716047, "l": 200716048, "T": 1604225051628, "m": true, "M": true}, {"e": "aggTrade", "E": 1604225051774, "s": "ETHUSDT", "a": 171024064, "p": "386.78000000", "q": "0.10400000", "f": 200716049, "l": 200716049, "T": 1604225051773, "m": false, "M": true}, {"e": "aggTrade", "E": 1604225052989, "s": "ETHUSDT", "a": 171024065, "p": "386.81000000", "q": "0.07805000", "f": 200716050, "l": 200716050, "T": 1604225052987, "m": true, "M": true}, {"e": "aggTrade", "E": 1604225054517, "s": "ETHUSDT", "a": 171024066, "p": "386.82000000", "q": "0.02885000", "f": 200716051, "l": 200716051, "T": 1604225054516, "m": false, "M": true}, {"e": "aggTrade", "E": 1604225054561, "s": "ETHUSDT", "a": 171024067, "p": "386.81000000", "q": "0.17693000", "f": 200716052, "l": 200716052, "T": 1604225054560, "m": true, "M": true}, {"e": "aggTrade", "E": 1604225055533, "s": "ETHUSDT", "a": 171024068, "p": "386.78000000", "q": "0.12589000", "f": 200716053, "l": 200716053, "T": 1604225055532, "m": true, "M": true}, {"e": "aggTrade", "E": 1604225055821, "s": "ETHUSDT", "a": 171024069, "p": "386.75000000", "q": "1.63519000", "f": 200716054, "l": 200716054, "T": 1604225055820, "m": true, "M": true}, {"e": "aggTrade", "E": 1604225056875, "s": "ETHUSDT", "a": 171024070, "p": "386.74000000", "q": "0.29889000", "f": 200716055, "l": 200716055, "T": 1604225056874, "m": true, "M": true}, {"e": "aggTrade", "E": 1604225057404, "s": "ETHUSDT", "a": 171024071, "p": "386.74000000", "q": "6.00000000", "f": 200716056, "l": 200716057, "T": 1604225057403, "m": true, "M": true}, {"e": "aggTrade", "E": 1604225057632, "s": "ETHUSDT", "a": 171024072, "p": "386.74000000", "q": "4.54000000", "f": 200716058, "l": 200716058, "T": 1604225057630, "m": true, "M": true}, {"e": "aggTrade", "E": 1604225058695, "s": "ETHUSDT", "a": 171024073, "p": "386.76000000", "q": "0.17695000", "f": 200716059, "l": 200716059, "T": 1604225058694, "m": true, "M": true}, {"e": "aggTrade", "E": 1604225058886, "s": "ETHUSDT", "a": 171024074, "p": "386.77000000", "q": "13.38611000", "f": 200716060, "l": 200716061, "T": 1604225058885, "m": false, "M": true}, {"e": "aggTrade", "E": 1604225058966, "s": "ETHUSDT", "a": 171024075, "p": "386.76000000", "q": "0.03602000", "f": 200716062, "l": 200716062, "T": 1604225058964, "m": true, "M": true}, {"e": "aggTrade", "E": 1604225058970, "s": "ETHUSDT", "a": 171024076, "p": "386.76000000", "q": "0.29889000", "f": 200716063, "l": 200716063, "T": 1604225058969, "m": true, "M": true}, {"e": "aggTrade", "E": 1604225059046, "s": "ETHUSDT", "a": 171024077, "p": "386.77000000", "q": "0.78138000", "f": 200716064, "l": 200716064, "T": 1604225059045, "m": false, "M": true}, {"e": "aggTrade", "E": 1604225059080, "s": "ETHUSDT", "a": 171024078, "p": "386.76000000", "q": "0.28714000", "f": 200716065, "l": 200716065, "T": 1604225059079, "m": true, "M": true}, {"e": "aggTrade", "E": 1604225059085, "s": "ETHUSDT", "a": 171024079, "p": "386.77000000", "q": "0.28748000", "f": 200716066, "l": 200716066, "T": 1604225059084, "m": false, "M": true}, {"e": "aggTrade", "E": 1604225059094, "s": "ETHUSDT", "a": 171024080, "p": "386.76000000", "q": "0.18150000", "f": 200716067, "l": 200716067, "T": 1604225059092, "m": true, "M": true}, {"e": "aggTrade", "E": 1604225059110, "s": "ETHUSDT", "a": 171024081, "p": "386.76000000", "q": "0.28824000", "f": 200716068, "l": 200716068, "T": 1604225059109, "m": true, "M": true}, {"e": "aggTrade", "E": 1604225059128, "s": "ETHUSDT", "a": 171024082, "p": "386.76000000", "q": "0.14769000", "f": 200716069, "l": 200716069, "T": 1604225059127, "m": true, "M": true}, {"e": "aggTrade", "E": 1604225059387, "s": "ETHUSDT", "a": 171024083, "p": "386.77000000", "q": "0.35638000", "f": 200716070, "l": 200716070, "T": 1604225059386, "m": false, "M": true}, {"e": "aggTrade", "E": 1604225059630, "s": "ETHUSDT", "a": 171024084, "p": "386.74000000", "q": "3.00000000", "f": 200716071, "l": 200716071, "T": 1604225059629, "m": true, "M": true}, {"e": "aggTrade", "E": 1604225060494, "s": "ETHUSDT", "a": 171024085, "p": "386.79000000", "q": "0.37177000", "f": 200716072, "l": 200716072, "T": 1604225060493, "m": true, "M": true}, {"e": "aggTrade", "E": 1604225060672, "s": "ETHUSDT", "a": 171024086, "p": "386.80000000", "q": "0.22100000", "f": 200716073, "l": 200716073, "T": 1604225060671, "m": true, "M": true}, {"e": "aggTrade", "E": 1604225060829, "s": "ETHUSDT", "a": 171024087, "p": "386.82000000", "q": "0.03183000", "f": 200716074, "l": 200716074, "T": 1604225060827, "m": true, "M": true}, {"e": "aggTrade", "E": 1604225060980, "s": "ETHUSDT", "a": 171024088, "p": "386.82000000", "q": "6.10500000", "f": 200716075, "l": 200716076, "T": 1604225060978, "m": true, "M": true}, {"e": "aggTrade", "E": 1604225061084, "s": "ETHUSDT", "a": 171024089, "p": "386.82000000", "q": "0.10500000", "f": 200716077, "l": 200716077, "T": 1604225061082, "m": true, "M": true}, {"e": "aggTrade", "E": 1604225061176, "s": "ETHUSDT", "a": 171024090, "p": "386.82000000", "q": "0.10500000", "f": 200716078, "l": 200716078, "T": 1604225061175, "m": true, "M": true}, {"e": "aggTrade", "E": 1604225061312, "s": "ETHUSDT", "a": 171024091, "p": "386.82000000", "q": "0.10500000", "f": 200716079, "l": 200716079, "T": 1604225061311, "m": true, "M": true}, {"e": "aggTrade", "E": 1604225062311, "s": "ETHUSDT", "a": 171024092, "p": "386.77000000", "q": "5.00000000", "f": 200716080, "l": 200716080, "T": 1604225062310, "m": false, "M": true}, {"e": "aggTrade", "E": 1604225062748, "s": "ETHUSDT", "a": 171024093, "p": "386.80000000", "q": "0.02915000", "f": 200716081, "l": 200716081, "T": 1604225062746, "m": false, "M": true}, {"e": "aggTrade", "E": 1604225063014, "s": "ETHUSDT", "a": 171024094, "p": "386.77000000", "q": "0.05170000", "f": 200716082, "l": 200716082, "T": 1604225063013, "m": true, "M": true}, {"e": "aggTrade", "E": 1604225063479, "s": "ETHUSDT", "a": 171024095, "p": "386.80000000", "q": "0.95174000", "f": 200716083, "l": 200716083, "T": 1604225063477, "m": true, "M": true}, {"e": "aggTrade", "E": 1604225064408, "s": "ETHUSDT", "a": 171024096, "p": "386.80000000", "q": "2.57001000", "f": 200716084, "l": 200716084, "T": 1604225064407, "m": false, "M": true}, {"e": "aggTrade", "E": 1604225065949, "s": "ETHUSDT", "a": 171024097, "p": "386.79000000", "q": "0.11219000", "f": 200716085, "l": 200716085, "T": 1604225065948, "m": true, "M": true}, {"e": "aggTrade", "E": 1604225065954, "s": "ETHUSDT", "a": 171024098, "p": "386.79000000", "q": "0.02586000", "f": 200716086, "l": 200716086, "T": 1604225065953, "m": true, "M": true}, {"e": "aggTrade", "E": 1604225068885, "s": "ETHUSDT", "a": 171024099, "p": "386.72000000", "q": "0.03564000", "f": 200716087, "l": 200716087, "T": 1604225068884, "m": false, "M": true}, {"e": "aggTrade", "E": 1604225070601, "s": "ETHUSDT", "a": 171024100, "p": "386.74000000", "q": "4.02640000", "f": 200716088, "l": 200716088, "T": 1604225070599, "m": false, "M": true}, {"e": "aggTrade", "E": 1604225070601, "s": "ETHUSDT", "a": 171024101, "p": "386.75000000", "q": "8.12560000", "f": 200716089, "l": 200716089, "T": 1604225070599, "m": false, "M": true}, {"e": "aggTrade", "E": 1604225070952, "s": "ETHUSDT", "a": 171024102, "p": "386.78000000", "q": "0.02948000", "f": 200716090, "l": 200716090, "T": 1604225070951, "m": false, "M": true}, {"e": "aggTrade", "E": 1604225072582, "s": "ETHUSDT", "a": 171024103, "p": "386.74000000", "q": "0.82600000", "f": 200716091, "l": 200716091, "T": 1604225072581, "m": false, "M": true}, {"e": "aggTrade", "E": 1604225073104, "s": "ETHUSDT", "a": 171024104, "p": "386.71000000", "q": "8.08100000", "f": 200716092, "l": 200716093, "T": 1604225073102, "m": false, "M": true}, {"e": "aggTrade", "E": 1604225073595, "s": "ETHUSDT", "a": 171024105, "p": "386.60000000", "q": "0.04090000", "f": 200716094, "l": 200716094, "T": 1604225073593, "m": false, "M": true}, {"e": "aggTrade", "E": 1604225073717, "s": "ETHUSDT", "a": 171024106, "p": "386.60000000", "q": "0.31529000", "f": 200716095, "l": 200716095, "T": 1604225073715, "m": false, "M": true}, {"e": "aggTrade", "E": 1604225075682, "s": "ETHUSDT", "a": 171024107, "p": "386.60000000", "q": "0.20621000", "f": 200716096, "l": 200716096, "T": 1604225075681, "m": false, "M": true}, {"e": "aggTrade", "E": 1604225075957, "s": "ETHUSDT", "a": 171024108, "p": "386.60000000", "q": "3.00000000", "f": 200716097, "l": 200716097, "T": 1604225075956, "m": false, "M": true}, {"e": "aggTrade", "E": 1604225077592, "s": "ETHUSDT", "a": 171024109, "p": "386.59000000", "q": "0.43629000", "f": 200716098, "l": 200716098, "T": 1604225077591, "m": true, "M": true}, {"e": "aggTrade", "E": 1604225078148, "s": "ETHUSDT", "a": 171024110, "p": "386.57000000", "q": "6.00000000", "f": 200716099, "l": 200716100, "T": 1604225078147, "m": false, "M": true}, {"e": "aggTrade", "E": 1604225078773, "s": "ETHUSDT", "a": 171024111, "p": "386.59000000", "q": "0.12993000", "f": 200716101, "l": 200716101, "T": 1604225078772, "m": true, "M": true}, {"e": "aggTrade", "E": 1604225078788, "s": "ETHUSDT", "a": 171024112, "p": "386.60000000", "q": "0.10600000", "f": 200716102, "l": 200716102, "T": 1604225078786, "m": false, "M": true}, {"e": "aggTrade", "E": 1604225079170, "s": "ETHUSDT", "a": 171024113, "p": "386.60000000", "q": "0.00005000", "f": 200716103, "l": 200716103, "T": 1604225079168, "m": false, "M": true}, {"e": "aggTrade", "E": 1604225079170, "s": "ETHUSDT", "a": 171024114, "p": "386.64000000", "q": "0.03041000", "f": 200716104, "l": 200716104, "T": 1604225079168, "m": false, "M": true}, {"e": "aggTrade", "E": 1604225079330, "s": "ETHUSDT", "a": 171024115, "p": "386.67000000", "q": "0.33300000", "f": 200716105, "l": 200716105, "T": 1604225079329, "m": true, "M": true}, {"e": "aggTrade", "E": 1604225079350, "s": "ETHUSDT", "a": 171024116, "p": "386.68000000", "q": "0.26899000", "f": 200716106, "l": 200716106, "T": 1604225079348, "m": false, "M": true}, {"e": "aggTrade", "E": 1604225079402, "s": "ETHUSDT", "a": 171024117, "p": "386.70000000", "q": "3.87928000", "f": 200716107, "l": 200716107, "T": 1604225079400, "m": true, "M": true}, {"e": "aggTrade", "E": 1604225079447, "s": "ETHUSDT", "a": 171024118, "p": "386.70000000", "q": "16.12072000", "f": 200716108, "l": 200716110, "T": 1604225079446, "m": true, "M": true}, {"e": "aggTrade", "E": 1604225079542, "s": "ETHUSDT", "a": 171024119, "p": "386.70000000", "q": "0.75822000", "f": 200716111, "l": 200716111, "T": 1604225079540, "m": true, "M": true}, {"e": "aggTrade", "E": 1604225080627, "s": "ETHUSDT", "a": 171024120, "p": "386.73000000", "q": "0.41524000", "f": 200716112, "l": 200716112, "T": 1604225080625, "m": true, "M": true}, {"e": "aggTrade", "E": 1604225080744, "s": "ETHUSDT", "a": 171024121, "p": "386.70000000", "q": "0.38551000", "f": 200716113, "l": 200716113, "T": 1604225080743, "m": true, "M": true}, {"e": "aggTrade", "E": 1604225081123, "s": "ETHUSDT", "a": 171024122, "p": "386.72000000", "q": "2.10500000", "f": 200716114, "l": 200716114, "T": 1604225081121, "m": false, "M": true}, {"e": "aggTrade", "E": 1604225081905, "s": "ETHUSDT", "a": 171024123, "p": "386.74000000", "q": "5.00000000", "f": 200716115, "l": 200716115, "T": 1604225081903, "m": true, "M": true}, {"e": "aggTrade", "E": 1604225082013, "s": "ETHUSDT", "a": 171024124, "p": "386.77000000", "q": "1.21000000", "f": 200716116, "l": 200716116, "T": 1604225082011, "m": true, "M": true}, {"e": "aggTrade", "E": 1604225082501, "s": "ETHUSDT", "a": 171024125, "p": "386.75000000", "q": "1.27400000", "f": 200716117, "l": 200716117, "T": 1604225082500, "m": false, "M": true}, {"e": "aggTrade", "E": 1604225083370, "s": "ETHUSDT", "a": 171024126, "p": "386.74000000", "q": "0.04912000", "f": 200716118, "l": 200716118, "T": 1604225083369, "m": true, "M": true}, {"e": "aggTrade", "E": 1604225084080, "s": "ETHUSDT", "a": 171024127, "p": "386.73000000", "q": "0.89500000", "f": 200716119, "l": 200716119, "T": 1604225084079, "m": false, "M": true}, {"e": "aggTrade", "E": 1604225085561, "s": "ETHUSDT", "a": 171024128, "p": "386.73000000", "q": "16.50600000", "f": 200716120, "l": 200716121, "T": 1604225085559, "m": false, "M": true}, {"e": "aggTrade", "E": 1604225085716, "s": "ETHUSDT", "a": 171024129, "p": "386.73000000", "q": "7.84800000", "f": 200716122, "l": 200716122, "T": 1604225085715, "m": false, "M": true}