[{"e": "depthUpdate", "E": 1604224802322, "s": "ETHBTC", "U": 1737948025, "u": 1737948064, "b": [["0.02820000", "49.23700000"], ["0.02819900", "12.94200000"], ["0.02819800", "0.20900000"], ["0.02819600", "0.00000000"], ["0.02819100", "7.90800000"], ["0.02817600", "40.49100000"], ["0.02817200", "31.88400000"], ["0.02816700", "0.00000000"], ["0.02815400", "0.00000000"], ["0.02815200", "0.00000000"], ["0.02814500", "150.25300000"], ["0.02797900", "0.19100000"]], "a": [["0.02820100", "30.00000000"], ["0.02821100", "0.00000000"], ["0.02821300", "16.64100000"], ["0.02821700", "5.16300000"]]}, {"e": "depthUpdate", "E": 1604224803322, "s": "ETHBTC", "U": 1737948065, "u": 1737948135, "b": [["0.02820200", "25.50000000"], ["0.02820100", "0.00000000"], ["0.02820000", "24.00000000"], ["0.02819900", "13.37600000"], ["0.02819800", "0.00000000"], ["0.02819700", "1.00000000"], ["0.02819500", "5.83200000"], ["0.02818300", "6.71900000"], ["0.02817800", "12.15300000"], ["0.02817700", "24.80600000"], ["0.02817400", "10.80500000"], ["0.02817300", "7.09600000"], ["0.02817200", "9.06400000"], ["0.02807800", "1.67100000"], ["0.02804800", "0.00000000"], ["0.02804400", "21.03800000"], ["0.02700900", "0.04600000"]], "a": [["0.02820100", "0.00000000"], ["0.02820200", "0.00000000"], ["0.02820300", "31.00000000"], ["0.02820400", "0.18200000"], ["0.02821000", "0.20800000"], ["0.02821100", "0.00000000"], ["0.02821200", "3.96000000"], ["0.02821300", "16.64100000"], ["0.02822100", "12.94000000"], ["0.02822500", "0.00500000"], ["0.02822900", "75.46800000"], ["0.02839800", "16.00000000"], ["0.02839900", "0.28000000"]]}, {"e": "depthUpdate", "E": 1604224804322, "s": "ETHBTC", "U": 1737948136, "u": 1737948187, "b": [["0.02820300", "54.41900000"], ["0.02820200", "24.00000000"], ["0.02820100", "0.14800000"], ["0.02819900", "14.09100000"], ["0.02819800", "5.18100000"], ["0.02819700", "0.00000000"], ["0.02819100", "3.90800000"], ["0.02818300", "4.01800000"], ["0.02817400", "5.40200000"], ["0.02817300", "0.00000000"], ["0.02814100", "0.00000000"], ["0.02812900", "0.00000000"], ["0.02741900", "0.00000000"], ["0.02719500", "0.00000000"]], "a": [["0.02820300", "0.00000000"], ["0.02820400", "0.00800000"], ["0.02820500", "0.00000000"], ["0.02820600", "0.25300000"], ["0.02820900", "1.00000000"], ["0.02821100", "1.72800000"], ["0.02821400", "21.44900000"], ["0.02821600", "5.48000000"], ["0.02821900", "5.16200000"], ["0.02822000", "11.95000000"], ["0.02822300", "25.41400000"], ["0.02822700", "13.66600000"], ["0.02822900", "26.86700000"], ["0.02823100", "10.12400000"], ["0.02823200", "12.14200000"], ["0.02823300", "43.61800000"], ["0.02823800", "16.21700000"], ["0.02857800", "4.62800000"], ["0.02998000", "5.05900000"]]}, {"e": "depthUpdate", "E": 1604224805322, "s": "ETHBTC", "U": 1737948188, "u": 1737948218, "b": [["0.02820300", "26.42900000"], ["0.02820200", "25.49000000"], ["0.02819600", "4.00000000"], ["0.02818900", "2.26400000"], ["0.02818700", "13.10500000"], ["0.02818300", "13.89600000"], ["0.02817800", "0.01000000"], ["0.02817500", "22.81500000"], ["0.02816200", "63.92000000"], ["0.02814600", "0.00000000"], ["0.02633800", "0.01000000"]], "a": [["0.02820400", "115.43000000"], ["0.02820500", "1.00000000"], ["0.02820900", "0.00000000"], ["0.02821300", "1.72600000"], ["0.02821500", "4.07600000"], ["0.02821600", "5.48000000"], ["0.02821700", "5.16300000"], ["0.02822600", "13.39700000"], ["0.02823900", "3.12000000"], ["0.02857800", "4.70700000"], ["0.02998000", "6.18600000"]]}, {"e": "depthUpdate", "E": 1604224806322, "s": "ETHBTC", "U": 1737948219, "u": 1737948269, "b": [["0.02820300", "0.00000000"], ["0.02820200", "26.68100000"], ["0.02820100", "0.00000000"], ["0.02820000", "0.00000000"], ["0.02819900", "14.38800000"], ["0.02819700", "0.00000000"], ["0.02819600", "4.00000000"], ["0.02819500", "7.56000000"], ["0.02818700", "6.01400000"], ["0.02817300", "7.09600000"], ["0.02811800", "0.00000000"], ["0.02721300", "0.03600000"], ["0.02654800", "0.01400000"]], "a": [["0.02820300", "33.44300000"], ["0.02820400", "25.00800000"], ["0.02820500", "0.23900000"], ["0.02820600", "0.00000000"], ["0.02821200", "0.00000000"], ["0.02821700", "9.12300000"], ["0.02822300", "5.16700000"], ["0.02822800", "21.59800000"], ["0.02823200", "0.00000000"], ["0.02823600", "63.19100000"], ["0.02823800", "1.37700000"], ["0.02824400", "14.84800000"]]}, {"e": "depthUpdate", "E": 1604224807322, "s": "ETHBTC", "U": 1737948270, "u": 1737948343, "b": [["0.02820200", "47.80500000"], ["0.02820100", "0.14600000"], ["0.02820000", "0.26200000"], ["0.02819900", "12.94200000"], ["0.02819800", "0.00000000"], ["0.02819700", "0.00000000"], ["0.02819600", "4.00000000"], ["0.02819500", "5.83200000"], ["0.02819300", "0.00000000"], ["0.02817300", "0.00400000"], ["0.02816300", "0.00000000"]], "a": [["0.02820300", "7.00000000"], ["0.02820400", "0.00800000"], ["0.02820500", "0.21700000"], ["0.02820600", "0.00000000"], ["0.02821000", "4.16800000"], ["0.02821700", "5.16300000"], ["0.02822600", "17.44500000"], ["0.02822800", "20.24800000"], ["0.02822900", "22.82000000"], ["0.02825800", "35.83800000"]]}, {"e": "depthUpdate", "E": 1604224808322, "s": "ETHBTC", "U": 1737948344, "u": 1737948376, "b": [["0.02820300", "49.50000000"], ["0.02820200", "26.30500000"], ["0.02820100", "0.32300000"], ["0.02820000", "0.00000000"], ["0.02819700", "6.18100000"], ["0.02819600", "0.00000000"], ["0.02819300", "7.09100000"], ["0.02819200", "20.03600000"], ["0.02818600", "7.25600000"], ["0.02818500", "5.17100000"], ["0.02817500", "0.00000000"], ["0.02817300", "0.00000000"]], "a": [["0.02820300", "0.00000000"], ["0.02820400", "0.00800000"], ["0.02820500", "1.00000000"], ["0.02820900", "11.00000000"], ["0.02821000", "4.16800000"], ["0.02821200", "0.28700000"], ["0.02821300", "16.64100000"], ["0.02826700", "0.01300000"]]}, {"e": "depthUpdate", "E": 1604224809323, "s": "ETHBTC", "U": 1737948377, "u": 1737948400, "b": [["0.02820300", "50.65100000"], ["0.02819200", "12.94400000"], ["0.02811300", "0.54200000"], ["0.02751600", "1.41900000"]], "a": [["0.02820400", "6.00800000"], ["0.02821100", "0.00000000"], ["0.02821200", "1.72800000"], ["0.02821400", "21.68300000"], ["0.02821900", "0.00000000"], ["0.02822300", "10.32700000"], ["0.02822600", "18.79600000"], ["0.02823100", "0.25000000"], ["0.02827200", "0.00500000"], ["0.02832300", "0.50000000"], ["0.02998000", "6.18600000"]]}, {"e": "depthUpdate", "E": 1604224810323, "s": "ETHBTC", "U": 1737948401, "u": 1737948481, "b": [["0.02820500", "0.00000000"], ["0.02820400", "49.50000000"], ["0.02820300", "25.49000000"], ["0.02820200", "0.00000000"], ["0.02820100", "0.14600000"], ["0.02819400", "12.59200000"], ["0.02818000", "6.42300000"], ["0.02817900", "28.21200000"], ["0.02817500", "7.09600000"], ["0.02812400", "2.00000000"], ["0.02811300", "0.23800000"], ["0.02807800", "2.08400000"], ["0.02806000", "0.00000000"], ["0.02782600", "2.00700000"], ["0.02680800", "12.28000000"], ["0.02680700", "1.71000000"]], "a": [["0.02820400", "0.00000000"], ["0.02820500", "10.61600000"], ["0.02820600", "24.00000000"], ["0.02820700", "0.00000000"], ["0.02820900", "0.00000000"], ["0.02821000", "0.20800000"], ["0.02821300", "1.72600000"], ["0.02821400", "21.44900000"], ["0.02821500", "8.03600000"], ["0.02821600", "5.48000000"], ["0.02821700", "5.16300000"], ["0.02822000", "11.95000000"], ["0.02823000", "5.15600000"], ["0.02823300", "3.12400000"], ["0.02823500", "40.49300000"], ["0.02832800", "0.01600000"]]}, {"e": "depthUpdate", "E": 1604224811322, "s": "ETHBTC", "U": 1737948482, "u": 1737948569, "b": [["0.02820500", "4.49000000"], ["0.02820400", "46.50000000"], ["0.02820300", "24.00000000"], ["0.02820200", "0.00000000"], ["0.02820000", "7.90800000"], ["0.02819500", "5.83200000"], ["0.02819400", "8.59200000"], ["0.02819300", "14.64200000"], ["0.02819100", "0.00000000"], ["0.02818800", "68.50600000"], ["0.02818100", "2.69800000"], ["0.02817800", "7.10500000"], ["0.02817500", "0.00000000"], ["0.02816000", "0.00000000"], ["0.02811300", "0.20400000"], ["0.02722600", "0.08800000"]], "a": [["0.02820500", "0.00000000"], ["0.02820600", "141.50000000"], ["0.02820700", "0.00000000"], ["0.02820800", "1.29300000"], ["0.02820900", "0.00000000"], ["0.02821900", "0.00000000"], ["0.02822300", "30.57300000"], ["0.02822800", "0.00000000"], ["0.02825800", "35.88900000"]]}, {"e": "depthUpdate", "E": 1604224812323, "s": "ETHBTC", "U": 1737948570, "u": 1737948627, "b": [["0.02820500", "1.49000000"], ["0.02820400", "24.00000000"], ["0.02820300", "0.23800000"], ["0.02820000", "4.00000000"], ["0.02819900", "13.94200000"], ["0.02819700", "11.01300000"], ["0.02819500", "0.00000000"], ["0.02819100", "3.90800000"], ["0.02818200", "0.00800000"], ["0.02817800", "0.01000000"]], "a": [["0.02820600", "127.99800000"], ["0.02820700", "1.00000000"], ["0.02820800", "0.24100000"], ["0.02820900", "0.00000000"], ["0.02821000", "0.00000000"], ["0.02821100", "24.00000000"], ["0.02821200", "1.79600000"], ["0.02821300", "0.00000000"], ["0.02821800", "0.00000000"], ["0.02822100", "12.94000000"], ["0.02822400", "0.00000000"], ["0.02822800", "15.60100000"], ["0.02825800", "35.83800000"], ["0.02827500", "0.04100000"]]}, {"e": "depthUpdate", "E": 1604224813323, "s": "ETHBTC", "U": 1737948628, "u": 1737948676, "b": [["0.02820500", "0.00000000"], ["0.02820400", "35.75800000"], ["0.02820300", "0.00000000"], ["0.02820200", "0.00000000"], ["0.02820000", "0.00000000"], ["0.02819900", "23.94200000"], ["0.02819600", "1.00000000"], ["0.02819500", "4.00000000"], ["0.02817300", "7.09600000"], ["0.02680700", "1.66400000"]], "a": [["0.02820500", "7.79200000"], ["0.02820600", "24.00000000"], ["0.02820700", "0.00000000"], ["0.02820800", "0.00000000"], ["0.02820900", "3.96000000"], ["0.02821000", "0.00000000"], ["0.02821500", "5.78900000"], ["0.02821900", "0.00000000"], ["0.02822000", "11.95000000"], ["0.02998000", "5.05900000"]]}, {"e": "depthUpdate", "E": 1604224814323, "s": "ETHBTC", "U": 1737948677, "u": 1737948748, "b": [["0.02820500", "54.50000000"], ["0.02820400", "29.75800000"], ["0.02820300", "0.20100000"], ["0.02820200", "0.00000000"], ["0.02820000", "8.45400000"], ["0.02819900", "12.94200000"], ["0.02819800", "0.00000000"], ["0.02819600", "0.00000000"], ["0.02819100", "0.00000000"], ["0.02819000", "0.00000000"], ["0.02818800", "62.08300000"], ["0.02818600", "9.95700000"], ["0.02818100", "8.10000000"], ["0.02818000", "6.42300000"], ["0.02817300", "0.00000000"], ["0.02680800", "12.32600000"]], "a": [["0.02820500", "0.00000000"], ["0.02820600", "4.66200000"], ["0.02820700", "0.00000000"], ["0.02820800", "0.00000000"], ["0.02820900", "0.00000000"], ["0.02821000", "0.00000000"], ["0.02821100", "0.26400000"], ["0.02821200", "0.06800000"], ["0.02821300", "1.72800000"], ["0.02821500", "9.74900000"], ["0.02822000", "11.95000000"], ["0.02823000", "7.85700000"], ["0.02823200", "5.40200000"], ["0.02823600", "73.06500000"], ["0.02998000", "6.18600000"]]}, {"e": "depthUpdate", "E": 1604224815323, "s": "ETHBTC", "U": 1737948749, "u": 1737948792, "b": [["0.02820500", "48.50000000"], ["0.02820400", "29.75800000"], ["0.02820000", "4.54600000"], ["0.02819500", "4.00000000"], ["0.02819400", "15.01700000"], ["0.02819000", "3.90800000"], ["0.02818500", "7.86900000"], ["0.02818100", "5.40200000"], ["0.02817700", "30.20800000"], ["0.02817400", "0.00000000"], ["0.02807800", "1.67100000"], ["0.02804800", "21.03500000"], ["0.02804400", "0.00000000"], ["0.02785000", "12.52200000"], ["0.02784900", "16.65100000"]], "a": [["0.02820600", "139.66200000"], ["0.02820700", "1.00000000"], ["0.02820800", "0.12900000"], ["0.02820900", "0.00000000"], ["0.02821000", "0.00000000"], ["0.02821100", "0.00000000"], ["0.02821800", "0.00000000"], ["0.02821900", "15.60100000"], ["0.02822000", "26.86500000"], ["0.02822800", "0.00000000"], ["0.02823200", "45.89500000"], ["0.02823500", "0.00000000"], ["0.02839800", "0.00000000"], ["0.02839900", "16.28000000"]]}, {"e": "depthUpdate", "E": 1604224816323, "s": "ETHBTC", "U": 1737948793, "u": 1737948816, "b": [["0.02820500", "0.90100000"], ["0.02820400", "24.00000000"], ["0.02819100", "0.00000000"], ["0.02816200", "0.00000000"], ["0.02815700", "63.93100000"], ["0.02806000", "0.41300000"]], "a": [["0.02820600", "112.00000000"], ["0.02820800", "0.00000000"], ["0.02820900", "0.22500000"], ["0.02821900", "0.00000000"], ["0.02822000", "11.95000000"], ["0.02823100", "15.85100000"], ["0.02838500", "16.55000000"], ["0.02856000", "0.39600000"], ["0.03097600", "0.00000000"]]}, {"e": "depthUpdate", "E": 1604224817323, "s": "ETHBTC", "U": 1737948817, "u": 1737948859, "b": [["0.02820500", "24.72100000"], ["0.02820000", "4.54600000"], ["0.02819300", "14.64200000"], ["0.02819000", "3.90800000"], ["0.02817500", "0.00400000"], ["0.02741900", "6.93200000"], ["0.02735100", "2.95200000"], ["0.02733100", "0.00800000"]], "a": [["0.02820600", "136.00000000"], ["0.02820800", "0.12200000"], ["0.02820900", "0.00000000"], ["0.02821000", "0.00000000"], ["0.02821200", "0.06800000"], ["0.02885200", "8.18800000"]]}, {"e": "depthUpdate", "E": 1604224818323, "s": "ETHBTC", "U": 1737948860, "u": 1737948885, "b": [["0.02820500", "0.00000000"], ["0.02820400", "0.00000000"], ["0.02820300", "0.00000000"], ["0.02820200", "0.13200000"], ["0.02820000", "3.54600000"], ["0.02819800", "11.00000000"], ["0.02819300", "21.73400000"], ["0.02817500", "0.00000000"]], "a": [["0.02820500", "7.80100000"], ["0.02820600", "136.18900000"], ["0.02820700", "0.00000000"], ["0.02820800", "0.00000000"], ["0.02820900", "0.00000000"], ["0.02821500", "5.78900000"], ["0.02822200", "17.66100000"], ["0.02823500", "7.08800000"], ["0.02861200", "0.38700000"], ["0.02864300", "0.21000000"], ["0.02998000", "5.05900000"]]}, {"e": "depthUpdate", "E": 1604224819323, "s": "ETHBTC", "U": 1737948886, "u": 1737948938, "b": [["0.02820400", "82.91100000"], ["0.02820300", "24.00000000"], ["0.02820200", "0.00000000"], ["0.02820000", "7.45400000"], ["0.02819800", "0.00000000"], ["0.02819700", "11.14100000"], ["0.02819400", "11.60600000"], ["0.02819300", "14.64200000"], ["0.02819000", "0.00000000"], ["0.02802800", "0.05000000"]], "a": [["0.02820400", "0.00000000"], ["0.02820500", "0.03600000"], ["0.02820600", "27.84200000"], ["0.02820700", "0.11600000"], ["0.02821100", "1.72800000"], ["0.02821200", "0.06800000"], ["0.02821300", "0.00000000"], ["0.02821700", "9.12300000"], ["0.02821900", "14.91500000"], ["0.02822000", "11.95000000"], ["0.02822200", "2.74600000"], ["0.02823500", "0.00000000"], ["0.02998000", "6.18600000"]]}, {"e": "depthUpdate", "E": 1604224820323, "s": "ETHBTC", "U": 1737948939, "u": 1737948964, "b": [["0.02820400", "92.67000000"], ["0.02819900", "13.21200000"], ["0.02819700", "11.01300000"], ["0.02819500", "0.00000000"], ["0.02819300", "14.64200000"], ["0.02818600", "22.10000000"], ["0.02818300", "1.75400000"], ["0.02816300", "0.00000000"], ["0.02812900", "0.10000000"]], "a": [["0.02820600", "0.00000000"], ["0.02820700", "0.00000000"], ["0.02820900", "0.27500000"], ["0.02821200", "4.02800000"], ["0.02821300", "14.91500000"], ["0.02821700", "5.16300000"], ["0.02821900", "0.00000000"]]}, {"e": "depthUpdate", "E": 1604224821323, "s": "ETHBTC", "U": 1737948965, "u": 1737948987, "b": [["0.02820400", "89.25900000"], ["0.02819500", "3.41100000"], ["0.02818900", "2.26400000"], ["0.02812900", "0.00000000"]], "a": [["0.02820900", "0.14600000"], ["0.02821900", "15.60100000"], ["0.02822800", "12.14400000"], ["0.02822900", "63.31400000"], ["0.02823100", "0.25000000"], ["0.02823200", "5.40200000"], ["0.02823600", "60.92200000"], ["0.02857800", "4.76800000"]]}, {"e": "depthUpdate", "E": 1604224822323, "s": "ETHBTC", "U": 1737948988, "u": 1737949028, "b": [["0.02820800", "5.70200000"], ["0.02820700", "24.00000000"], ["0.02820600", "5.83200000"], ["0.02820500", "0.00000000"], ["0.02820400", "77.50000000"], ["0.02820100", "3.55700000"], ["0.02820000", "7.58300000"], ["0.02819900", "12.94200000"], ["0.02819800", "6.41300000"], ["0.02819700", "5.18100000"], ["0.02819500", "0.00000000"], ["0.02818800", "55.66600000"], ["0.02817800", "0.01000000"], ["0.02806000", "0.00000000"], ["0.02785500", "1.36400000"], ["0.02784200", "0.00400000"]], "a": [["0.02820500", "0.00000000"], ["0.02820900", "0.00000000"], ["0.02821000", "27.84200000"], ["0.02821100", "0.28900000"], ["0.02821200", "0.06800000"], ["0.02821300", "0.00000000"], ["0.02821400", "23.17600000"], ["0.02821500", "1.71300000"], ["0.02821700", "3.96000000"], ["0.02822300", "10.32700000"], ["0.02822500", "20.25000000"], ["0.02822900", "22.82000000"], ["0.02823300", "43.61500000"], ["0.02823600", "51.04800000"], ["0.02857800", "4.80300000"]]}, {"e": "depthUpdate", "E": 1604224823323, "s": "ETHBTC", "U": 1737949029, "u": 1737949097, "b": [["0.02820900", "0.00000000"], ["0.02820800", "5.70100000"], ["0.02820700", "24.15300000"], ["0.02820600", "0.00000000"], ["0.02820300", "0.00000000"], ["0.02820200", "0.00000000"], ["0.02820000", "3.90800000"], ["0.02819700", "5.83200000"], ["0.02819500", "2.26400000"], ["0.02818900", "0.00000000"], ["0.02818700", "0.00000000"], ["0.02818300", "0.00000000"], ["0.02817900", "5.39700000"], ["0.02816700", "0.00000000"], ["0.02809800", "0.45200000"]], "a": [["0.02821000", "27.84100000"], ["0.02821100", "0.12100000"], ["0.02821200", "0.06800000"], ["0.02821400", "14.67100000"], ["0.02821900", "0.00000000"], ["0.02822300", "18.40000000"], ["0.02822400", "19.60100000"], ["0.02822500", "20.75200000"], ["0.02822800", "0.00000000"], ["0.02822900", "0.00000000"], ["0.02823400", "0.01000000"], ["0.02823600", "63.19100000"], ["0.02857300", "0.00400000"], ["0.02857500", "0.05600000"], ["0.02857800", "0.04300000"], ["0.02998000", "6.18600000"]]}, {"e": "depthUpdate", "E": 1604224824323, "s": "ETHBTC", "U": 1737949098, "u": 1737949108, "b": [["0.02820100", "8.73800000"], ["0.02819500", "9.35400000"], ["0.02818900", "7.71700000"]], "a": [["0.02821000", "27.85600000"], ["0.02821400", "12.94400000"], ["0.02821500", "3.44000000"], ["0.02821900", "14.91500000"], ["0.02822300", "13.24000000"], ["0.02822900", "5.15800000"], ["0.02823500", "9.87400000"]]}, {"e": "depthUpdate", "E": 1604224825323, "s": "ETHBTC", "U": 1737949109, "u": 1737949130, "b": [["0.02820700", "24.00000000"], ["0.02820600", "0.00000000"], ["0.02820500", "0.18700000"], ["0.02819500", "2.26400000"], ["0.02818900", "11.93600000"], ["0.02815000", "150.00000000"], ["0.02814500", "0.25300000"], ["0.02762000", "1.13100000"]], "a": [["0.02821300", "1.72700000"], ["0.02821500", "1.71300000"], ["0.02823300", "66.42200000"]]}, {"e": "depthUpdate", "E": 1604224826323, "s": "ETHBTC", "U": 1737949131, "u": 1737949157, "b": [["0.02820500", "0.10200000"], ["0.02819800", "6.41300000"], ["0.02818100", "9.44900000"], ["0.02817700", "26.16100000"], ["0.02817500", "0.00000000"], ["0.02815000", "150.10000000"], ["0.02809800", "0.04000000"], ["0.02792100", "0.00000000"], ["0.02763400", "0.17800000"], ["0.02708300", "0.00000000"]], "a": []}, {"e": "depthUpdate", "E": 1604224827323, "s": "ETHBTC", "U": 1737949158, "u": 1737949187, "b": [["0.02820500", "0.21300000"], ["0.02818200", "0.00800000"], ["0.02818100", "32.26100000"], ["0.02816500", "0.00400000"], ["0.02815000", "150.00000000"], ["0.02814400", "0.01000000"], ["0.02814200", "30.10000000"], ["0.02807800", "2.08400000"], ["0.02805200", "21.15200000"], ["0.02804800", "0.00000000"], ["0.02787200", "0.01600000"], ["0.02624500", "0.00000000"]], "a": [["0.02821200", "4.02800000"], ["0.02821700", "0.00000000"], ["0.02822600", "18.79600000"], ["0.02823000", "48.34800000"], ["0.02823300", "25.93100000"], ["0.02823700", "3.54500000"], ["0.02839900", "0.28000000"], ["0.02840700", "16.85500000"], ["0.02998000", "5.05900000"]]}, {"e": "depthUpdate", "E": 1604224828323, "s": "ETHBTC", "U": 1737949188, "u": 1737949239, "b": [["0.02820800", "0.00000000"], ["0.02820700", "0.00000000"], ["0.02820600", "30.00000000"], ["0.02820500", "0.00000000"], ["0.02820400", "24.24100000"], ["0.02820300", "0.00000000"], ["0.02819800", "10.41300000"], ["0.02818200", "7.10300000"], ["0.02817900", "6.74700000"], ["0.02817700", "24.81000000"], ["0.02816500", "0.00000000"], ["0.02814200", "30.00000000"], ["0.02792600", "2.01200000"], ["0.02708800", "0.07900000"], ["0.02625000", "27.60100000"], ["0.01410100", "0.20000000"]], "a": [["0.02820700", "0.00000000"], ["0.02820900", "5.93400000"], ["0.02821000", "25.74200000"], ["0.02821100", "0.00000000"], ["0.02821200", "15.02800000"], ["0.02821300", "0.00000000"], ["0.02821500", "9.71300000"], ["0.02822200", "22.99200000"], ["0.02822300", "9.24000000"], ["0.02822400", "15.60100000"], ["0.02822500", "0.50700000"], ["0.02998000", "6.18600000"]]}, {"e": "depthUpdate", "E": 1604224829324, "s": "ETHBTC", "U": 1737949240, "u": 1737949276, "b": [["0.02820400", "24.22100000"], ["0.02820200", "0.00000000"], ["0.02818800", "51.15000000"], ["0.02818600", "26.61100000"], ["0.02818500", "13.27100000"], ["0.02818200", "0.00800000"], ["0.02818100", "4.04700000"], ["0.02811800", "0.00000000"], ["0.01410100", "0.00000000"]], "a": [["0.02820900", "5.80900000"], ["0.02822100", "18.10000000"], ["0.02822500", "0.00500000"], ["0.02822900", "5.40200000"], ["0.02823200", "0.00000000"], ["0.02823300", "3.12400000"]]}, {"e": "depthUpdate", "E": 1604224830324, "s": "ETHBTC", "U": 1737949277, "u": 1737949310, "b": [["0.02820800", "24.00000000"], ["0.02820700", "6.80600000"], ["0.02820600", "24.00000000"], ["0.02820500", "0.27900000"], ["0.02820400", "24.00000000"], ["0.02818800", "53.84800000"], ["0.02818500", "10.57300000"], ["0.02818200", "0.00800000"], ["0.02817800", "5.41200000"], ["0.02817700", "19.40800000"]], "a": [["0.02820900", "5.65700000"], ["0.02821000", "25.74200000"], ["0.02821100", "0.18600000"], ["0.02821200", "11.06800000"], ["0.02821700", "3.96000000"], ["0.02821800", "0.50300000"], ["0.02822900", "0.00000000"], ["0.02823500", "15.27600000"]]}, {"e": "depthUpdate", "E": 1604224831324, "s": "ETHBTC", "U": 1737949311, "u": 1737949397, "b": [["0.02820800", "0.00000000"], ["0.02820700", "0.00000000"], ["0.02820600", "0.00000000"], ["0.02820500", "0.00000000"], ["0.02820400", "0.00000000"], ["0.02820100", "6.00000000"], ["0.02820000", "0.81100000"], ["0.02819800", "0.39800000"], ["0.02819700", "5.83200000"], ["0.02819600", "0.00000000"], ["0.02819500", "0.00000000"], ["0.02819400", "5.18100000"], ["0.02819300", "4.00000000"], ["0.02819200", "16.35500000"], ["0.02819000", "3.90800000"], ["0.02818900", "6.48300000"], ["0.02818800", "2.69800000"], ["0.02818700", "6.41600000"], ["0.02818600", "33.03400000"], ["0.02818500", "5.40200000"], ["0.02818300", "1.70900000"], ["0.02818200", "7.10100000"], ["0.02813800", "7.20700000"], ["0.02707300", "7.21600000"], ["0.02680700", "0.01100000"], ["0.02642300", "0.00900000"]], "a": [["0.02820200", "24.00000000"], ["0.02820300", "4.10500000"], ["0.02820400", "0.00000000"], ["0.02820500", "4.00000000"], ["0.02820600", "24.00000000"], ["0.02820700", "7.84000000"], ["0.02820800", "14.91500000"], ["0.02820900", "128.00000000"], ["0.02821000", "1.74200000"], ["0.02821100", "0.00000000"], ["0.02821200", "0.06800000"], ["0.02821500", "1.71300000"], ["0.02821600", "0.01000000"], ["0.02821700", "5.25000000"], ["0.02821800", "0.00000000"], ["0.02821900", "0.00000000"], ["0.02822000", "11.95000000"], ["0.02822200", "63.54200000"], ["0.02822300", "5.16700000"], ["0.02822800", "22.81200000"]]}, {"e": "depthUpdate", "E": 1604224832324, "s": "ETHBTC", "U": 1737949398, "u": 1737949445, "b": [["0.02820100", "56.31100000"], ["0.02820000", "0.00000000"], ["0.02819900", "0.00000000"], ["0.02819800", "0.12400000"], ["0.02819700", "5.94900000"], ["0.02819100", "7.09200000"], ["0.02818700", "11.59700000"], ["0.02818600", "28.52300000"], ["0.02818400", "12.94100000"], ["0.02818000", "10.93200000"], ["0.02817800", "0.01000000"], ["0.02817200", "14.46600000"], ["0.02815700", "0.00000000"], ["0.02815200", "63.94300000"], ["0.02814900", "0.01000000"], ["0.02680800", "13.97900000"]], "a": [["0.02820200", "91.00000000"], ["0.02820300", "0.00000000"], ["0.02820400", "0.00000000"], ["0.02820600", "24.15200000"], ["0.02820700", "7.84000000"], ["0.02820800", "0.00000000"], ["0.02820900", "24.00000000"], ["0.02821300", "4.00000000"], ["0.02822000", "26.86500000"], ["0.02823200", "7.08900000"], ["0.02998000", "5.05900000"]]}, {"e": "depthUpdate", "E": 1604224833324, "s": "ETHBTC", "U": 1737949446, "u": 1737949529, "b": [["0.02820300", "0.00000000"], ["0.02820200", "6.00000000"], ["0.02820100", "47.52800000"], ["0.02820000", "24.27500000"], ["0.02819900", "0.00000000"], ["0.02819800", "0.12400000"], ["0.02819700", "5.83200000"], ["0.02816100", "14.84000000"], ["0.02815300", "2.01000000"], ["0.02815100", "49.65800000"], ["0.02813100", "0.00000000"]], "a": [["0.02820100", "0.00000000"], ["0.02820200", "0.00000000"], ["0.02820300", "115.43200000"], ["0.02820400", "0.00000000"], ["0.02820500", "4.00000000"], ["0.02820600", "24.00000000"], ["0.02820900", "24.29400000"], ["0.02821300", "11.58900000"], ["0.02821400", "27.85900000"], ["0.02821600", "4.08300000"], ["0.02821800", "0.00000000"], ["0.02821900", "35.85100000"], ["0.02822000", "11.95000000"], ["0.02822200", "43.29600000"], ["0.02822400", "0.00000000"], ["0.02822500", "40.50500000"], ["0.02823000", "7.85700000"], ["0.02823100", "4.57900000"], ["0.02823200", "0.00000000"], ["0.02823600", "58.86300000"], ["0.02998000", "6.18600000"]]}, {"e": "depthUpdate", "E": 1604224834324, "s": "ETHBTC", "U": 1737949530, "u": 1737949541, "b": [["0.02818800", "8.70900000"], ["0.02818500", "10.56100000"], ["0.02817700", "42.22000000"]], "a": [["0.02820300", "91.43200000"], ["0.02820900", "24.16900000"], ["0.02821000", "1.72700000"], ["0.02821300", "11.58900000"], ["0.02821400", "12.94400000"], ["0.02821800", "14.91500000"], ["0.02823000", "9.21600000"]]}, {"e": "depthUpdate", "E": 1604224835324, "s": "ETHBTC", "U": 1737949542, "u": 1737949564, "b": [["0.02820200", "53.50000000"], ["0.02820100", "24.00000000"], ["0.02819100", "7.09200000"], ["0.02818800", "20.85200000"], ["0.02818600", "16.38000000"], ["0.02818200", "0.00800000"]], "a": [["0.02820300", "0.01500000"], ["0.02820500", "5.92100000"], ["0.02820700", "0.00000000"], ["0.02821000", "0.00000000"], ["0.02821100", "1.72700000"], ["0.02821200", "4.02800000"], ["0.02821400", "16.82100000"], ["0.02821500", "6.21600000"], ["0.02822300", "6.51600000"], ["0.02823800", "0.02800000"]]}, {"e": "depthUpdate", "E": 1604224836324, "s": "ETHBTC", "U": 1737949565, "u": 1737949589, "b": [["0.02820000", "0.00000000"], ["0.02819800", "0.22600000"], ["0.02819300", "4.00000000"], ["0.02818200", "0.10800000"], ["0.02707300", "0.00000000"]], "a": [["0.02820300", "112.01500000"], ["0.02820500", "5.92100000"], ["0.02820900", "0.00000000"], ["0.02821900", "15.60100000"], ["0.02822500", "0.00500000"], ["0.02857800", "4.49800000"], ["0.02858400", "4.51200000"], ["0.02998000", "5.05900000"]]}, {"e": "depthUpdate", "E": 1604224837325, "s": "ETHBTC", "U": 1737949590, "u": 1737949635, "b": [["0.02820200", "28.34200000"], ["0.02820000", "0.11300000"], ["0.02819800", "0.12400000"], ["0.02818300", "1.71300000"], ["0.02818200", "0.00800000"], ["0.02800000", "111.18400000"], ["0.02799300", "0.01000000"]], "a": [["0.02820300", "28.45700000"], ["0.02820500", "0.13000000"], ["0.02820900", "11.00000000"], ["0.02822400", "20.25000000"], ["0.02822800", "22.81200000"], ["0.02823200", "40.52800000"], ["0.02833200", "0.00000000"], ["0.02998000", "6.18600000"]]}, {"e": "depthUpdate", "E": 1604224838324, "s": "ETHBTC", "U": 1737949636, "u": 1737949674, "b": [["0.02820200", "52.28200000"], ["0.02819400", "6.79800000"], ["0.02818300", "1.70900000"], ["0.02817300", "0.00000000"], ["0.02816200", "7.09900000"], ["0.02807800", "1.67100000"]], "a": [["0.02820300", "3.97500000"], ["0.02820500", "5.86100000"], ["0.02821200", "0.06800000"], ["0.02822400", "20.25000000"], ["0.02822800", "34.95500000"], ["0.02823600", "46.72000000"], ["0.03637400", "0.00000000"]]}, {"e": "depthUpdate", "E": 1604224839324, "s": "ETHBTC", "U": 1737949675, "u": 1737949727, "b": [["0.02820200", "0.00000000"], ["0.02820100", "29.50000000"], ["0.02820000", "0.00000000"], ["0.02819900", "0.00000000"], ["0.02819800", "0.39300000"], ["0.02819700", "5.83200000"], ["0.02819400", "5.18100000"], ["0.02816700", "0.00000000"], ["0.02816200", "0.00000000"], ["0.02813700", "0.00000000"], ["0.02806000", "0.41300000"], ["0.02805200", "0.12000000"], ["0.02804700", "21.10200000"]], "a": [["0.02820200", "5.80400000"], ["0.02820300", "24.01500000"], ["0.02820400", "4.00000000"], ["0.02820500", "4.00000000"], ["0.02820600", "24.00000000"], ["0.02820700", "0.20300000"], ["0.02820800", "1.72700000"], ["0.02821100", "0.00000000"], ["0.02821300", "11.54900000"], ["0.02821500", "2.21600000"], ["0.02839900", "16.28000000"], ["0.02840700", "0.85500000"], ["0.03637400", "0.00300000"]]}, {"e": "depthUpdate", "E": 1604224840324, "s": "ETHBTC", "U": 1737949728, "u": 1737949764, "b": [["0.02820100", "53.50000000"], ["0.02820000", "0.00000000"], ["0.02819900", "0.00000000"], ["0.02819800", "0.41600000"], ["0.02819700", "0.00000000"], ["0.02818800", "11.84300000"], ["0.02818600", "13.67900000"], ["0.02818500", "5.15900000"], ["0.02818300", "4.40800000"], ["0.02818200", "2.70900000"], ["0.02817600", "58.03800000"], ["0.02815700", "7.10000000"], ["0.02680800", "13.97900000"]], "a": [["0.02820200", "117.80400000"], ["0.02820400", "7.96000000"], ["0.02821300", "7.58900000"]]}, {"e": "depthUpdate", "E": 1604224841324, "s": "ETHBTC", "U": 1737949765, "u": 1737949797, "b": [["0.02819800", "0.12400000"], ["0.02815700", "0.00000000"], ["0.02790600", "0.05800000"], ["0.02789900", "0.09000000"]], "a": [["0.02820200", "5.80400000"], ["0.02820300", "0.01500000"], ["0.02820400", "0.00000000"], ["0.02820500", "0.00000000"], ["0.02821200", "4.02800000"], ["0.02821500", "10.21600000"], ["0.02823500", "5.40200000"], ["0.02824100", "17.75500000"], ["0.02998000", "5.05900000"]]}, {"e": "depthUpdate", "E": 1604224842324, "s": "ETHBTC", "U": 1737949798, "u": 1737949859, "b": [["0.02820200", "52.94000000"], ["0.02820100", "24.00000000"], ["0.02820000", "0.15300000"], ["0.02819900", "0.00000000"], ["0.02819800", "0.12400000"], ["0.02819700", "5.83200000"], ["0.02819600", "4.00000000"], ["0.02819500", "6.79800000"], ["0.02819300", "0.00000000"], ["0.02818800", "6.01100000"], ["0.02818700", "6.41600000"], ["0.02818500", "10.55700000"], ["0.02817900", "1.35000000"], ["0.02816200", "0.00000000"], ["0.02777900", "0.15000000"], ["0.02775900", "0.83500000"]], "a": [["0.02820200", "0.00000000"], ["0.02820300", "137.96900000"], ["0.02820500", "3.96000000"], ["0.02820700", "0.00000000"], ["0.02820800", "11.00000000"], ["0.02820900", "11.00000000"], ["0.02821200", "0.06800000"], ["0.02821300", "22.50400000"], ["0.02821800", "0.00000000"], ["0.02822100", "18.10000000"], ["0.02822400", "0.00000000"], ["0.02822500", "20.26900000"], ["0.02998000", "6.18600000"]]}, {"e": "depthUpdate", "E": 1604224843324, "s": "ETHBTC", "U": 1737949860, "u": 1737949890, "b": [["0.02820000", "0.00000000"], ["0.02818900", "4.21900000"], ["0.02818600", "15.94300000"], ["0.02817300", "7.09600000"], ["0.02806000", "0.00000000"]], "a": [["0.02820400", "0.00000000"], ["0.02820500", "0.00000000"], ["0.02821200", "3.96000000"], ["0.02821300", "22.50400000"], ["0.02822600", "59.32500000"], ["0.02823200", "0.00000000"], ["0.02824500", "0.00000000"]]}, {"e": "depthUpdate", "E": 1604224844324, "s": "ETHBTC", "U": 1737949891, "u": 1737949927, "b": [["0.02820000", "3.54600000"], ["0.02819900", "0.25600000"], ["0.02817900", "2.69900000"], ["0.02817300", "7.09600000"], ["0.02817200", "13.11700000"], ["0.02805600", "0.41700000"], ["0.02789400", "0.00000000"]], "a": [["0.02820300", "0.01500000"], ["0.02820400", "0.28300000"], ["0.02820500", "5.96000000"], ["0.02821300", "22.50400000"], ["0.02822300", "9.21700000"], ["0.02823000", "6.51500000"], ["0.02825000", "150.12400000"]]}, {"e": "depthUpdate", "E": 1604224845325, "s": "ETHBTC", "U": 1737949928, "u": 1737949965, "b": [["0.02820200", "30.00000000"], ["0.02820100", "0.00000000"], ["0.02820000", "3.81000000"], ["0.02819900", "12.94100000"], ["0.02819700", "0.00000000"], ["0.02819300", "0.00000000"], ["0.02818800", "11.84300000"], ["0.02818400", "0.00000000"], ["0.02817300", "0.00000000"]], "a": [["0.02820300", "140.50200000"], ["0.02820400", "0.00000000"], ["0.02820500", "0.23600000"], ["0.02820700", "1.72700000"], ["0.02822900", "5.40300000"], ["0.02823500", "0.00000000"]]}, {"e": "depthUpdate", "E": 1604224846324, "s": "ETHBTC", "U": 1737949966, "u": 1737950049, "b": [["0.02820200", "0.00000000"], ["0.02820100", "6.00000000"], ["0.02820000", "3.54600000"], ["0.02819900", "0.00000000"], ["0.02819800", "0.12400000"], ["0.02819600", "0.00000000"], ["0.02819500", "0.00000000"], ["0.02819200", "12.94400000"], ["0.02819100", "0.00000000"], ["0.02819000", "4.00000000"], ["0.02818800", "31.87600000"], ["0.02818500", "5.39800000"], ["0.02818400", "7.09300000"], ["0.02818200", "6.12000000"], ["0.02818100", "7.95500000"], ["0.02817700", "19.40800000"], ["0.02816300", "0.00000000"], ["0.02812200", "0.00000000"], ["0.02791700", "3.72800000"], ["0.02623800", "1.14300000"]], "a": [["0.02820200", "97.82100000"], ["0.02820300", "24.01500000"], ["0.02820400", "0.14100000"], ["0.02820500", "0.50600000"], ["0.02820700", "0.00000000"], ["0.02820800", "0.00000000"], ["0.02820900", "0.00000000"], ["0.02821200", "4.00000000"], ["0.02821300", "7.58900000"], ["0.02821400", "12.94400000"], ["0.02821500", "1.71300000"], ["0.02821800", "0.00000000"], ["0.02821900", "30.51600000"], ["0.02822100", "5.16000000"], ["0.02998000", "6.18600000"]]}, {"e": "depthUpdate", "E": 1604224847325, "s": "ETHBTC", "U": 1737950050, "u": 1737950093, "b": [["0.02819900", "0.10900000"], ["0.02819500", "15.00000000"], ["0.02819300", "0.00000000"], ["0.02819200", "16.35500000"], ["0.02819000", "3.90800000"], ["0.02818600", "21.12300000"], ["0.02818200", "2.70900000"], ["0.02818100", "4.04700000"], ["0.02817500", "0.00400000"], ["0.02817300", "5.40300000"], ["0.02817200", "7.71500000"], ["0.02815100", "8.65800000"], ["0.02810300", "21.07300000"], ["0.02810200", "0.83600000"], ["0.02706700", "7.73100000"], ["0.02680800", "13.97900000"]], "a": [["0.02820200", "147.53800000"], ["0.02820300", "24.01500000"], ["0.02820400", "0.00000000"], ["0.02820500", "0.50600000"], ["0.02820600", "35.00000000"], ["0.02820800", "12.94200000"], ["0.02821100", "8.20800000"], ["0.02821200", "8.00000000"], ["0.02821800", "14.91500000"], ["0.02821900", "15.60100000"], ["0.02822000", "27.89100000"], ["0.02822500", "0.00500000"]]}, {"e": "depthUpdate", "E": 1604224848325, "s": "ETHBTC", "U": 1737950094, "u": 1737950125, "b": [["0.02819900", "0.00000000"], ["0.02819500", "11.16000000"], ["0.02819200", "12.94400000"], ["0.02819000", "7.90800000"], ["0.02818400", "12.25100000"], ["0.02818300", "7.81900000"], ["0.02817600", "58.03800000"], ["0.02817500", "0.00000000"], ["0.02816000", "0.00000000"], ["0.02810200", "0.18300000"], ["0.02791800", "0.35700000"]], "a": [["0.02820300", "24.29800000"], ["0.02820400", "4.24800000"], ["0.02820500", "0.50600000"], ["0.02821200", "4.00000000"], ["0.02821800", "14.91500000"]]}, {"e": "depthUpdate", "E": 1604224849325, "s": "ETHBTC", "U": 1737950126, "u": 1737950141, "b": [["0.02819500", "11.00000000"], ["0.02819400", "5.30100000"], ["0.02818800", "25.86500000"], ["0.02817900", "2.70000000"], ["0.02817800", "6.02200000"], ["0.02817300", "5.40300000"], ["0.02812900", "0.00000000"]], "a": [["0.02821800", "14.91500000"], ["0.02822200", "83.81900000"], ["0.02822600", "18.79600000"]]}, {"e": "depthUpdate", "E": 1604224850326, "s": "ETHBTC", "U": 1737950142, "u": 1737950177, "b": [["0.02819900", "0.29700000"], ["0.02819600", "0.00000000"], ["0.02819500", "11.00000000"], ["0.02819400", "5.18100000"], ["0.02819300", "3.41100000"], ["0.02818800", "18.77300000"], ["0.02818400", "7.09300000"], ["0.02818300", "4.40800000"], ["0.02817900", "25.51200000"], ["0.02817700", "19.40800000"], ["0.02805600", "0.00400000"], ["0.02805100", "0.42100000"], ["0.02792800", "0.62800000"], ["0.02706700", "14.94900000"]], "a": [["0.02820200", "141.85100000"], ["0.02820300", "24.29800000"], ["0.02820400", "4.00000000"], ["0.02820500", "0.50600000"], ["0.02820600", "35.00000000"], ["0.02820700", "3.96000000"], ["0.02821800", "0.00000000"], ["0.02821900", "30.51600000"], ["0.02822300", "6.51600000"], ["0.02822800", "37.65700000"], ["0.02998000", "5.05900000"]]}, {"e": "depthUpdate", "E": 1604224851325, "s": "ETHBTC", "U": 1737950178, "u": 1737950192, "b": [["0.02819900", "0.00000000"], ["0.02819400", "6.83400000"], ["0.02819300", "3.67200000"], ["0.02818900", "0.00000000"], ["0.02818400", "12.34200000"], ["0.02818200", "6.92900000"], ["0.02817900", "2.70000000"]], "a": [["0.02820400", "4.17100000"], ["0.02821800", "35.17400000"], ["0.02821900", "15.60100000"], ["0.02822000", "7.62800000"], ["0.02998000", "6.18600000"]]}, {"e": "depthUpdate", "E": 1604224852325, "s": "ETHBTC", "U": 1737950193, "u": 1737950217, "b": [["0.02820100", "30.00000000"], ["0.02819600", "4.00000000"], ["0.02819400", "5.18100000"], ["0.02819300", "3.41100000"], ["0.02819200", "12.94400000"], ["0.02819100", "7.09200000"], ["0.02819000", "3.90800000"], ["0.02817100", "0.00000000"]], "a": [["0.02820200", "117.85100000"], ["0.02821200", "18.91500000"], ["0.02821800", "0.00000000"], ["0.02822300", "26.77500000"]]}, {"e": "depthUpdate", "E": 1604224853326, "s": "ETHBTC", "U": 1737950218, "u": 1737950262, "b": [["0.02820100", "3.00000000"], ["0.02820000", "0.00000000"], ["0.02819800", "0.00000000"], ["0.02819700", "0.26600000"], ["0.02819600", "0.00000000"], ["0.02819500", "11.00000000"], ["0.02819400", "5.18100000"], ["0.02819100", "4.00000000"], ["0.02818900", "0.00000000"], ["0.02817900", "25.51200000"], ["0.02817800", "0.01000000"]], "a": [["0.02820200", "144.85100000"], ["0.02820300", "24.29800000"], ["0.02821200", "4.00000000"], ["0.02821800", "17.61400000"], ["0.02822200", "40.59800000"], ["0.02822300", "26.77500000"], ["0.02822600", "59.31700000"], ["0.02822800", "25.51400000"]]}, {"e": "depthUpdate", "E": 1604224854326, "s": "ETHBTC", "U": 1737950263, "u": 1737950402, "b": [["0.02820100", "0.00000000"], ["0.02820000", "0.00000000"], ["0.02819900", "0.00000000"], ["0.02819800", "0.00000000"], ["0.02819700", "0.00000000"], ["0.02819600", "0.00000000"], ["0.02819500", "47.50000000"], ["0.02819400", "1.77400000"], ["0.02819300", "0.26000000"], ["0.02819200", "12.94400000"], ["0.02819100", "0.00000000"], ["0.02819000", "0.00000000"], ["0.02818900", "5.17800000"], ["0.02818700", "8.34000000"], ["0.02818600", "14.70000000"], ["0.02818400", "3.41100000"], ["0.02818300", "2.69900000"], ["0.02818100", "7.95500000"], ["0.02818000", "14.93200000"], ["0.02817900", "1.34900000"], ["0.02817800", "1.74300000"], ["0.02817700", "15.08000000"], ["0.02817400", "1.35100000"], ["0.02817300", "5.40300000"], ["0.02817200", "12.04400000"], ["0.02737100", "0.00000000"]], "a": [["0.02819600", "0.00000000"], ["0.02819700", "0.00000000"], ["0.02819800", "3.96000000"], ["0.02819900", "8.85300000"], ["0.02820000", "27.00000000"], ["0.02820100", "0.00000000"], ["0.02820200", "0.00000000"], ["0.02820300", "0.56400000"], ["0.02820400", "0.00000000"], ["0.02820600", "0.00000000"], ["0.02820700", "1.73700000"], ["0.02820800", "0.00000000"], ["0.02820900", "14.91500000"], ["0.02821000", "37.45000000"], ["0.02821100", "4.32700000"], ["0.02821300", "11.58900000"], ["0.02821500", "0.00000000"], ["0.02821600", "5.17500000"], ["0.02821800", "2.69900000"], ["0.02822100", "0.00000000"], ["0.02822300", "41.06000000"], ["0.02822400", "12.14400000"], ["0.02822600", "17.44500000"], ["0.02822800", "2.70200000"], ["0.02823900", "0.00000000"], ["0.03957900", "0.00000000"]]}, {"e": "depthUpdate", "E": 1604224855325, "s": "ETHBTC", "U": 1737950403, "u": 1737950505, "b": [["0.02820200", "28.43700000"], ["0.02820100", "0.00000000"], ["0.02820000", "0.00000000"], ["0.02819900", "0.00000000"], ["0.02819800", "5.83200000"], ["0.02819700", "23.50000000"], ["0.02819600", "3.51800000"], ["0.02819500", "24.00000000"], ["0.02819400", "0.12800000"], ["0.02819300", "7.90800000"], ["0.02819100", "6.43000000"], ["0.02819000", "7.09200000"], ["0.02818800", "12.94100000"], ["0.02818700", "12.58300000"], ["0.02818600", "7.25600000"], ["0.02818400", "0.00000000"], ["0.02818300", "17.43000000"], ["0.02818100", "4.04700000"], ["0.02818000", "10.93200000"], ["0.02817800", "2.27400000"], ["0.02817600", "40.49100000"], ["0.02817100", "14.80800000"], ["0.02816100", "0.00000000"], ["0.02813200", "0.10000000"], ["0.02786800", "0.00000000"]], "a": [["0.02819800", "0.00000000"], ["0.02819900", "0.00000000"], ["0.02820000", "0.00000000"], ["0.02820200", "0.00000000"], ["0.02820300", "144.86800000"], ["0.02820400", "0.00000000"], ["0.02820500", "0.00000000"], ["0.02820700", "0.00000000"], ["0.02820900", "0.00000000"], ["0.02821000", "0.00000000"], ["0.02821100", "0.00000000"], ["0.02821200", "24.63200000"], ["0.02821300", "15.66100000"], ["0.02821600", "0.01000000"], ["0.02821700", "4.32900000"], ["0.02822100", "0.00000000"], ["0.02822400", "12.14400000"], ["0.02823000", "47.03100000"], ["0.02823400", "7.09900000"], ["0.02823500", "3.12100000"]]}, {"e": "depthUpdate", "E": 1604224856325, "s": "ETHBTC", "U": 1737950506, "u": 1737950555, "b": [["0.02820200", "51.93700000"], ["0.02820000", "0.13000000"], ["0.02819900", "4.00000000"], ["0.02819700", "0.00000000"], ["0.02819500", "24.00000000"], ["0.02819300", "10.99900000"], ["0.02818700", "18.59200000"], ["0.02818600", "9.02000000"], ["0.02818400", "2.26400000"], ["0.02817800", "0.01000000"], ["0.02795300", "3.05700000"]], "a": [["0.02820300", "120.85300000"], ["0.02820500", "0.00000000"], ["0.02820600", "0.00000000"], ["0.02820700", "0.11100000"], ["0.02821100", "4.39000000"], ["0.02821200", "24.63200000"], ["0.02822400", "0.00000000"], ["0.02822500", "22.81700000"], ["0.02822800", "6.24800000"], ["0.02823200", "12.14400000"], ["0.02823400", "0.01000000"], ["0.02823600", "50.94000000"], ["0.02823700", "0.00000000"], ["0.02824300", "0.00000000"], ["0.02857800", "0.04300000"], ["0.02998000", "6.18600000"], ["0.03956600", "0.08600000"]]}, {"e": "depthUpdate", "E": 1604224857325, "s": "ETHBTC", "U": 1737950556, "u": 1737950667, "b": [["0.02820200", "0.00000000"], ["0.02820100", "0.00000000"], ["0.02820000", "0.00000000"], ["0.02819900", "0.00000000"], ["0.02819800", "0.00000000"], ["0.02819700", "0.00000000"], ["0.02819600", "0.10700000"], ["0.02819400", "0.00000000"], ["0.02819300", "0.17500000"], ["0.02819100", "11.00000000"], ["0.02819000", "0.00000000"], ["0.02818900", "15.01000000"], ["0.02818700", "9.08900000"], ["0.02818600", "12.43100000"], ["0.02818400", "10.20900000"], ["0.02818100", "0.00000000"], ["0.02817500", "0.00400000"], ["0.02787100", "37.47600000"]], "a": [["0.02819800", "5.82500000"], ["0.02819900", "24.27900000"], ["0.02820000", "7.00000000"], ["0.02820100", "3.96000000"], ["0.02820200", "136.00000000"], ["0.02820300", "35.01500000"], ["0.02820400", "0.26700000"], ["0.02820600", "0.00000000"], ["0.02820700", "0.00000000"], ["0.02821000", "40.57000000"], ["0.02821100", "14.91500000"], ["0.02821200", "5.75700000"], ["0.02821300", "11.66100000"], ["0.02821800", "2.69900000"], ["0.02821900", "35.85700000"], ["0.02822100", "0.00000000"], ["0.02822300", "20.80100000"], ["0.02822500", "28.21900000"], ["0.02822700", "8.26500000"], ["0.02857800", "4.37200000"]]}, {"e": "depthUpdate", "E": 1604224858325, "s": "ETHBTC", "U": 1737950668, "u": 1737950711, "b": [["0.02819700", "61.47200000"], ["0.02819600", "24.00000000"], ["0.02819500", "0.00000000"], ["0.02819400", "0.14600000"], ["0.02819300", "0.00000000"], ["0.02819100", "0.00000000"], ["0.02818800", "14.50700000"], ["0.02818600", "10.66700000"], ["0.02818300", "23.85800000"], ["0.02818100", "1.61100000"], ["0.02818000", "18.02600000"], ["0.02817600", "63.30300000"], ["0.02817500", "0.00000000"]], "a": [["0.02819700", "0.00000000"], ["0.02819800", "8.82500000"], ["0.02819900", "24.00000000"], ["0.02820000", "0.00000000"], ["0.02820100", "0.00000000"], ["0.02820700", "3.96000000"], ["0.02820800", "3.89800000"], ["0.02820900", "22.91500000"], ["0.02821100", "0.00000000"], ["0.02821200", "1.75700000"], ["0.02821700", "4.32900000"], ["0.02822100", "4.03100000"], ["0.02822600", "13.39700000"]]}, {"e": "depthUpdate", "E": 1604224859325, "s": "ETHBTC", "U": 1737950712, "u": 1737950772, "b": [["0.02819900", "61.47200000"], ["0.02819800", "0.00000000"], ["0.02819700", "24.00000000"], ["0.02819600", "0.00000000"], ["0.02819500", "0.00000000"], ["0.02819200", "13.11300000"], ["0.02819100", "0.00000000"], ["0.02818800", "12.94100000"], ["0.02817700", "15.08000000"]], "a": [["0.02819800", "0.00000000"], ["0.02819900", "0.00000000"], ["0.02820000", "97.89400000"], ["0.02820100", "0.00000000"], ["0.02820200", "24.20100000"], ["0.02820300", "0.01500000"], ["0.02820900", "8.00000000"], ["0.02821200", "16.67200000"], ["0.02821300", "11.66100000"], ["0.02821600", "5.17400000"], ["0.02822100", "0.00000000"], ["0.02822400", "4.02800000"]]}, {"e": "depthUpdate", "E": 1604224860326, "s": "ETHBTC", "U": 1737950773, "u": 1737950824, "b": [["0.02819900", "60.92300000"], ["0.02819400", "0.00000000"], ["0.02819200", "12.94400000"], ["0.02819000", "8.32500000"], ["0.02813200", "0.00000000"], ["0.02811700", "0.00400000"], ["0.02806200", "0.00500000"]], "a": [["0.02820000", "4.00000000"], ["0.02820100", "0.00000000"], ["0.02820200", "0.24300000"], ["0.02820700", "0.00000000"], ["0.02820900", "8.00000000"], ["0.02821000", "0.00000000"], ["0.02821200", "20.63200000"], ["0.02822000", "7.62800000"], ["0.02822400", "44.54400000"], ["0.02823000", "6.51500000"], ["0.02998000", "5.05900000"]]}, {"e": "depthUpdate", "E": 1604224861326, "s": "ETHBTC", "U": 1737950825, "u": 1737950902, "b": [["0.02820200", "61.47200000"], ["0.02820100", "0.00000000"], ["0.02820000", "24.00000000"], ["0.02819900", "27.45100000"], ["0.02819800", "5.96500000"], ["0.02819700", "1.14600000"], ["0.02819500", "0.00000000"], ["0.02819300", "10.99900000"], ["0.02819200", "14.51000000"], ["0.02819100", "0.00000000"], ["0.02819000", "0.00000000"], ["0.02818900", "12.27100000"], ["0.02818400", "6.30100000"], ["0.02818200", "2.70900000"], ["0.02818100", "0.00000000"], ["0.02818000", "10.93200000"], ["0.02817500", "0.00000000"]], "a": [["0.02820000", "0.00000000"], ["0.02820100", "0.00000000"], ["0.02820200", "0.00000000"], ["0.02820300", "0.01500000"], ["0.02820400", "1.00000000"], ["0.02820600", "0.29300000"], ["0.02821100", "0.00000000"], ["0.02821200", "5.71700000"], ["0.02821600", "0.01000000"], ["0.02821700", "4.32900000"], ["0.02821800", "17.61400000"], ["0.02822200", "45.75900000"], ["0.02822300", "19.45000000"], ["0.02822400", "0.00000000"], ["0.02822500", "5.40700000"], ["0.02823100", "45.09900000"], ["0.02823600", "46.72000000"], ["0.02998000", "6.18600000"]]}, {"e": "depthUpdate", "E": 1604224862326, "s": "ETHBTC", "U": 1737950903, "u": 1737951027, "b": [["0.02820700", "4.00000000"], ["0.02820600", "0.00000000"], ["0.02820500", "2.94900000"], ["0.02820400", "34.00000000"], ["0.02820300", "0.00000000"], ["0.02820200", "24.00000000"], ["0.02820100", "0.00000000"], ["0.02820000", "0.00000000"], ["0.02819900", "0.00000000"], ["0.02819700", "0.00000000"], ["0.02819400", "3.90800000"], ["0.02819300", "7.26400000"], ["0.02819200", "12.94400000"], ["0.02819100", "3.41100000"], ["0.02819000", "4.51200000"], ["0.02818900", "7.09300000"], ["0.02818800", "49.95100000"], ["0.02818600", "7.25600000"], ["0.02818400", "8.03800000"], ["0.02818300", "21.75800000"], ["0.02818000", "6.42300000"], ["0.02817600", "40.49100000"], ["0.02817200", "7.71500000"], ["0.02804900", "0.09900000"], ["0.02680800", "13.97900000"]], "a": [["0.02820300", "0.00000000"], ["0.02820400", "0.00000000"], ["0.02820500", "0.00000000"], ["0.02820600", "0.00000000"], ["0.02820800", "146.72400000"], ["0.02820900", "0.00000000"], ["0.02821100", "1.12400000"], ["0.02821200", "1.75700000"], ["0.02821300", "15.57100000"], ["0.02821500", "0.00000000"], ["0.02821700", "7.84700000"], ["0.02821800", "4.00000000"], ["0.02821900", "19.60100000"], ["0.02822100", "17.61300000"], ["0.02822200", "50.08900000"], ["0.02822300", "14.28300000"], ["0.02822600", "14.74800000"], ["0.02822700", "28.52000000"], ["0.02822800", "2.70200000"], ["0.02822900", "0.00000000"], ["0.02823100", "40.77000000"], ["0.02823300", "8.52600000"], ["0.02823700", "4.32800000"]]}, {"e": "depthUpdate", "E": 1604224863326, "s": "ETHBTC", "U": 1737951028, "u": 1737951092, "b": [["0.02820700", "0.00000000"], ["0.02820500", "2.81700000"], ["0.02820400", "0.00000000"], ["0.02820300", "0.00000000"], ["0.02820200", "25.00000000"], ["0.02820100", "0.00000000"], ["0.02819800", "10.11400000"], ["0.02819700", "1.90000000"], ["0.02819500", "5.17900000"], ["0.02819400", "10.99900000"], ["0.02819200", "15.20800000"], ["0.02819000", "16.12000000"], ["0.02818900", "13.10200000"], ["0.02818400", "5.77400000"], ["0.02811700", "0.00800000"], ["0.02805100", "0.00800000"], ["0.02804800", "21.03500000"], ["0.02804700", "0.06600000"]], "a": [["0.02820600", "143.63100000"], ["0.02820700", "0.00000000"], ["0.02820800", "26.25400000"], ["0.02820900", "1.00000000"], ["0.02821000", "4.00000000"], ["0.02821100", "0.00000000"], ["0.02821200", "0.00000000"], ["0.02821300", "4.57100000"], ["0.02821500", "1.73500000"], ["0.02821600", "3.97000000"], ["0.02821700", "3.88700000"], ["0.02821800", "4.00000000"], ["0.02821900", "0.00000000"], ["0.02822100", "17.61300000"], ["0.02822400", "5.12200000"], ["0.02822600", "30.34900000"], ["0.02822800", "14.84300000"], ["0.02823200", "0.00000000"], ["0.02857800", "0.04300000"]]}, {"e": "depthUpdate", "E": 1604224864326, "s": "ETHBTC", "U": 1737951093, "u": 1737951163, "b": [["0.02820500", "0.00000000"], ["0.02820200", "0.00000000"], ["0.02820000", "0.00000000"], ["0.02819900", "28.31200000"], ["0.02819800", "9.96500000"], ["0.02819700", "0.11500000"], ["0.02819600", "1.00000000"], ["0.02819400", "3.90800000"], ["0.02819300", "0.00000000"], ["0.02819000", "11.60800000"], ["0.02818300", "17.43000000"], ["0.02817000", "0.00000000"], ["0.02797900", "0.11200000"]], "a": [["0.02820000", "3.00000000"], ["0.02820100", "0.00000000"], ["0.02820200", "0.26800000"], ["0.02820300", "0.00000000"], ["0.02820400", "0.00000000"], ["0.02820500", "18.87500000"], ["0.02820600", "136.00000000"], ["0.02820800", "29.90400000"], ["0.02821400", "20.53000000"], ["0.02821600", "0.01000000"], ["0.02821700", "0.00000000"], ["0.02821900", "0.00000000"], ["0.02822100", "2.69800000"], ["0.02822600", "30.34900000"], ["0.02822800", "2.70200000"], ["0.02823000", "5.15600000"], ["0.02823300", "20.66700000"], ["0.02857300", "0.06600000"]]}, {"e": "depthUpdate", "E": 1604224865325, "s": "ETHBTC", "U": 1737951164, "u": 1737951220, "b": [["0.02820100", "0.00000000"], ["0.02820000", "0.00000000"], ["0.02819900", "24.00000000"], ["0.02819800", "9.96500000"], ["0.02819700", "0.00000000"], ["0.02819600", "0.00000000"], ["0.02819200", "14.60500000"], ["0.02819100", "10.50200000"], ["0.02818500", "9.89600000"], ["0.02818400", "6.30100000"], ["0.02817200", "12.04400000"], ["0.02805600", "0.41700000"], ["0.02798000", "0.31100000"]], "a": [["0.02820000", "0.00000000"], ["0.02820100", "3.00000000"], ["0.02820200", "0.00000000"], ["0.02820300", "0.00000000"], ["0.02820400", "24.00000000"], ["0.02820500", "3.96000000"], ["0.02820700", "0.19700000"], ["0.02820900", "0.00000000"], ["0.02821300", "19.48600000"], ["0.02821900", "0.00000000"], ["0.02822300", "19.67200000"], ["0.02822600", "28.98000000"], ["0.02823000", "7.03100000"], ["0.02857300", "0.00400000"], ["0.02857800", "4.47700000"], ["0.02998000", "5.05900000"]]}, {"e": "depthUpdate", "E": 1604224866325, "s": "ETHBTC", "U": 1737951221, "u": 1737951256, "b": [["0.02820100", "60.27500000"], ["0.02820000", "4.31200000"], ["0.02819900", "24.22200000"], ["0.02819800", "9.96500000"], ["0.02819600", "0.00000000"], ["0.02819200", "12.94400000"], ["0.02819100", "3.41100000"], ["0.02818000", "6.42300000"], ["0.02815500", "0.00000000"], ["0.02815200", "63.94300000"]], "a": [["0.02820000", "0.00000000"], ["0.02820100", "0.00000000"], ["0.02820200", "3.00000000"], ["0.02820300", "8.57500000"], ["0.02820500", "0.00000000"], ["0.02820600", "136.00000000"], ["0.02820700", "0.00000000"], ["0.02820800", "30.05000000"], ["0.02821000", "7.96000000"], ["0.02821100", "0.19500000"], ["0.02822700", "51.33200000"], ["0.02857800", "0.04300000"], ["0.02998000", "6.18600000"]]}, {"e": "depthUpdate", "E": 1604224867326, "s": "ETHBTC", "U": 1737951257, "u": 1737951298, "b": [["0.02820100", "59.65400000"], ["0.02819900", "24.26400000"], ["0.02819800", "5.96500000"], ["0.02819600", "0.00000000"], ["0.02819300", "4.00000000"], ["0.02818900", "13.10200000"], ["0.02818400", "9.22800000"], ["0.02818100", "1.62200000"], ["0.02817500", "0.00400000"], ["0.02815700", "2.26400000"]], "a": [["0.02820200", "3.00000000"], ["0.02820600", "136.00000000"], ["0.02820800", "6.02500000"], ["0.02820900", "0.00000000"], ["0.02821100", "0.00000000"], ["0.02821300", "4.57100000"], ["0.02821600", "14.92500000"], ["0.02821700", "20.26000000"], ["0.02821900", "0.00000000"], ["0.02822100", "2.69800000"], ["0.02822400", "5.12200000"], ["0.02822700", "31.07700000"], ["0.02822900", "40.52000000"], ["0.02823100", "0.25000000"]]}, {"e": "depthUpdate", "E": 1604224868325, "s": "ETHBTC", "U": 1737951299, "u": 1737951321, "b": [["0.02819900", "24.11900000"], ["0.02819800", "5.96500000"], ["0.02818900", "20.19500000"], ["0.02817900", "24.16100000"], ["0.02817500", "0.00000000"], ["0.02790800", "0.90900000"], ["0.02680800", "13.93300000"]], "a": [["0.02820300", "3.00000000"], ["0.02820400", "0.00000000"], ["0.02820900", "11.00000000"], ["0.02821300", "19.48600000"], ["0.02821500", "1.73500000"], ["0.02821600", "0.01000000"], ["0.02857800", "4.39100000"]]}, {"e": "depthUpdate", "E": 1604224869326, "s": "ETHBTC", "U": 1737951322, "u": 1737951352, "b": [["0.02820300", "60.00000000"], ["0.02820200", "0.00000000"], ["0.02820100", "26.83100000"], ["0.02820000", "0.00000000"], ["0.02819900", "24.00000000"], ["0.02818100", "0.00000000"], ["0.02817500", "5.40100000"], ["0.02817300", "0.00000000"], ["0.02808300", "0.00000000"], ["0.02791800", "0.46100000"], ["0.02680800", "13.97900000"]], "a": [["0.02820200", "0.00000000"], ["0.02820300", "0.00000000"], ["0.02820400", "3.34600000"], ["0.02820500", "5.49700000"], ["0.02820800", "5.90400000"], ["0.02821000", "4.12700000"], ["0.02821300", "4.57100000"], ["0.02821700", "3.96000000"], ["0.02821900", "0.00000000"], ["0.02822100", "17.61300000"], ["0.02822400", "25.38100000"]]}, {"e": "depthUpdate", "E": 1604224870326, "s": "ETHBTC", "U": 1737951353, "u": 1737951414, "b": [["0.02820400", "60.23200000"], ["0.02820300", "24.00000000"], ["0.02820200", "0.17300000"], ["0.02820100", "0.00000000"], ["0.02819900", "0.00000000"], ["0.02819800", "5.96500000"], ["0.02819600", "0.00000000"], ["0.02819400", "3.90800000"], ["0.02819000", "15.59600000"], ["0.02818900", "13.10200000"], ["0.02818700", "17.19200000"], ["0.02818300", "12.02800000"], ["0.02818200", "0.00800000"], ["0.02815700", "0.00000000"], ["0.02813900", "4.50000000"], ["0.02809800", "2.44700000"], ["0.02571900", "0.29400000"]], "a": [["0.02820400", "0.00000000"], ["0.02820500", "8.49700000"], ["0.02820600", "112.00000000"], ["0.02820800", "3.89900000"], ["0.02820900", "12.00000000"], ["0.02821000", "4.00000000"], ["0.02821100", "0.00000000"], ["0.02821400", "12.94400000"], ["0.02822300", "14.28300000"], ["0.02822700", "8.26500000"], ["0.02822800", "8.09800000"], ["0.02822900", "0.00000000"], ["0.02823300", "61.18600000"], ["0.02998000", "6.18600000"]]}, {"e": "depthUpdate", "E": 1604224871325, "s": "ETHBTC", "U": 1737951415, "u": 1737951453, "b": [["0.02820200", "1.00000000"], ["0.02819900", "4.00000000"], ["0.02819800", "6.08700000"], ["0.02819700", "3.54600000"], ["0.02819300", "7.09200000"], ["0.02819000", "18.29400000"], ["0.02818700", "26.66000000"], ["0.02818400", "9.22800000"], ["0.02818300", "0.00000000"], ["0.02815500", "0.00000000"], ["0.02380500", "0.03800000"]], "a": [["0.02820500", "119.47000000"], ["0.02820600", "0.00000000"], ["0.02820700", "0.22400000"], ["0.02820900", "1.00000000"], ["0.02821200", "0.00000000"], ["0.02821300", "4.57100000"]]}, {"e": "depthUpdate", "E": 1604224872326, "s": "ETHBTC", "U": 1737951454, "u": 1737951462, "b": [["0.02820400", "61.25800000"], ["0.02820300", "24.00000000"], ["0.02819800", "5.96500000"], ["0.02819600", "0.26800000"], ["0.02311500", "0.12600000"]], "a": [["0.02820500", "115.00000000"], ["0.02820600", "0.27800000"], ["0.02822700", "31.07700000"]]}, {"e": "depthUpdate", "E": 1604224873326, "s": "ETHBTC", "U": 1737951463, "u": 1737951491, "b": [["0.02820400", "3.23200000"], ["0.02820300", "25.02500000"], ["0.02820100", "0.29300000"], ["0.02819900", "0.00000000"], ["0.02819700", "14.54600000"], ["0.02819600", "0.00000000"], ["0.02819500", "6.90600000"], ["0.02819300", "0.00000000"], ["0.02819000", "19.59600000"], ["0.02818700", "14.51900000"], ["0.02817800", "0.01000000"], ["0.01413000", "0.09500000"]], "a": [["0.02820500", "136.00000000"], ["0.02820700", "4.18400000"], ["0.02820800", "14.89900000"], ["0.02821700", "0.00000000"], ["0.02821900", "0.00000000"], ["0.02822100", "17.61300000"]]}, {"e": "depthUpdate", "E": 1604224874326, "s": "ETHBTC", "U": 1737951492, "u": 1737951551, "b": [["0.02820400", "0.00000000"], ["0.02820300", "3.00000000"], ["0.02820200", "0.00000000"], ["0.02820100", "0.00000000"], ["0.02820000", "0.25600000"], ["0.02819900", "12.93500000"], ["0.02819800", "6.96500000"], ["0.02819700", "11.00000000"], ["0.02819600", "0.00000000"], ["0.02819500", "9.17900000"], ["0.02819300", "1.72700000"], ["0.02819000", "13.87200000"], ["0.02818800", "37.01000000"], ["0.02818700", "6.41600000"], ["0.02818600", "9.95400000"], ["0.02818400", "13.98500000"], ["0.02818300", "12.14300000"], ["0.02818200", "2.70900000"], ["0.02818000", "10.45200000"], ["0.02817600", "45.89300000"], ["0.02815500", "150.00000000"], ["0.02815000", "0.00000000"], ["0.00993000", "0.01500000"]], "a": [["0.02820400", "142.90500000"], ["0.02820500", "24.00000000"], ["0.02820600", "0.54100000"], ["0.02820700", "1.00000000"], ["0.02820800", "3.89900000"], ["0.02820900", "0.00000000"], ["0.02821600", "3.97000000"], ["0.02821900", "14.91500000"], ["0.02822100", "2.69800000"], ["0.02822200", "70.34600000"], ["0.02822400", "5.12200000"], ["0.02998000", "5.05900000"]]}, {"e": "depthUpdate", "E": 1604224875326, "s": "ETHBTC", "U": 1737951552, "u": 1737951626, "b": [["0.02820300", "3.00000000"], ["0.02820200", "57.00000000"], ["0.02820100", "1.02600000"], ["0.02820000", "25.00000000"], ["0.02819900", "0.00000000"], ["0.02819800", "5.83200000"], ["0.02819700", "0.00000000"], ["0.02819600", "0.10800000"], ["0.02819500", "4.00000000"], ["0.02819100", "10.50200000"], ["0.02818600", "22.89300000"], ["0.02818400", "6.89200000"], ["0.02818300", "0.00000000"], ["0.02817900", "1.34900000"], ["0.02817800", "12.14200000"], ["0.02804800", "0.00000000"], ["0.02804700", "21.10200000"]], "a": [["0.02820200", "0.00000000"], ["0.02820300", "0.00000000"], ["0.02820400", "3.94700000"], ["0.02820500", "0.27500000"], ["0.02820600", "0.27800000"], ["0.02820800", "3.89900000"], ["0.02821500", "5.69500000"], ["0.02821600", "0.01000000"], ["0.02821700", "0.00000000"], ["0.02821800", "4.00000000"], ["0.02821900", "0.00000000"], ["0.02822400", "14.99600000"], ["0.02822900", "40.51500000"], ["0.02823300", "20.66700000"], ["0.02998000", "6.18600000"]]}, {"e": "depthUpdate", "E": 1604224876326, "s": "ETHBTC", "U": 1737951627, "u": 1737951699, "b": [["0.02820500", "59.21900000"], ["0.02820400", "5.02600000"], ["0.02820300", "24.00000000"], ["0.02820200", "1.00000000"], ["0.02820100", "0.11700000"], ["0.02820000", "24.00000000"], ["0.02819700", "0.00000000"], ["0.02819600", "0.00000000"], ["0.02819500", "5.17900000"], ["0.02819100", "10.50200000"], ["0.02819000", "8.69200000"], ["0.02817900", "5.67700000"], ["0.02817200", "7.71500000"], ["0.01833000", "0.00800000"], ["0.00783000", "0.01900000"]], "a": [["0.02820400", "0.00000000"], ["0.02820500", "0.00000000"], ["0.02820600", "123.65600000"], ["0.02820700", "0.00000000"], ["0.02820800", "5.04200000"], ["0.02820900", "1.72600000"], ["0.02821000", "4.00000000"], ["0.02821200", "0.00000000"], ["0.02821300", "4.07200000"], ["0.02821700", "0.50300000"], ["0.02821800", "4.00000000"], ["0.02821900", "15.60100000"], ["0.02822100", "17.61300000"], ["0.02822400", "5.12200000"], ["0.02822600", "13.37900000"]]}, {"e": "depthUpdate", "E": 1604224877326, "s": "ETHBTC", "U": 1737951700, "u": 1737951714, "b": [["0.02820400", "1.02600000"], ["0.02819600", "4.00000000"], ["0.02819500", "10.35900000"], ["0.02819100", "10.50200000"], ["0.02817500", "4.21900000"], ["0.02817400", "0.00000000"], ["0.02817300", "0.00400000"], ["0.02764500", "0.03700000"]], "a": [["0.02820600", "147.65600000"], ["0.02822600", "18.77900000"], ["0.02823300", "15.26500000"], ["0.02838500", "24.73700000"]]}, {"e": "depthUpdate", "E": 1604224878326, "s": "ETHBTC", "U": 1737951715, "u": 1737951736, "b": [["0.02820500", "32.83100000"], ["0.02820400", "0.00000000"], ["0.02820300", "25.02600000"], ["0.02817900", "7.02800000"], ["0.02817800", "17.54400000"], ["0.02817700", "15.08000000"], ["0.02817500", "0.00000000"], ["0.02817300", "0.00000000"], ["0.02815200", "100.94300000"], ["0.02810300", "0.07300000"], ["0.02806000", "0.41300000"], ["0.02805600", "0.00400000"], ["0.02766200", "0.01900000"]], "a": [["0.02820900", "5.68600000"], ["0.02821000", "15.00000000"], ["0.02821500", "1.73500000"]]}, {"e": "depthUpdate", "E": 1604224879326, "s": "ETHBTC", "U": 1737951737, "u": 1737951779, "b": [["0.02820500", "0.00000000"], ["0.02820300", "24.00000000"], ["0.02820200", "0.00000000"], ["0.02820100", "1.25800000"], ["0.02820000", "24.00000000"], ["0.02819900", "0.00000000"], ["0.02819600", "26.81200000"], ["0.02819500", "12.08600000"], ["0.02819300", "0.00000000"]], "a": [["0.02820400", "123.13700000"], ["0.02820500", "24.00000000"], ["0.02820600", "24.39500000"], ["0.02820800", "4.89900000"], ["0.02821000", "4.00000000"], ["0.02821600", "14.92500000"], ["0.02821700", "20.26000000"], ["0.02821800", "4.00000000"], ["0.02822100", "2.69800000"], ["0.02822200", "50.08900000"], ["0.02822800", "20.23500000"], ["0.02823300", "3.12400000"], ["0.02829700", "27.57100000"], ["0.02998000", "6.18600000"]]}, {"e": "depthUpdate", "E": 1604224880326, "s": "ETHBTC", "U": 1737951780, "u": 1737951803, "b": [["0.02820300", "58.02600000"], ["0.02820100", "0.23200000"], ["0.02818300", "0.00000000"], ["0.02815400", "0.10000000"], ["0.02784000", "16.40800000"]], "a": [["0.02820400", "0.00000000"], ["0.02820500", "4.18800000"], ["0.02820600", "24.27800000"], ["0.02820900", "3.96000000"], ["0.02821000", "4.17500000"], ["0.02821100", "1.72600000"], ["0.02821200", "0.50400000"], ["0.02821700", "0.00000000"], ["0.02822400", "7.82200000"], ["0.02822500", "45.92600000"], ["0.02822800", "17.53300000"], ["0.02822900", "0.00000000"]]}, {"e": "depthUpdate", "E": 1604224881326, "s": "ETHBTC", "U": 1737951804, "u": 1737951818, "b": [["0.02820300", "25.02600000"], ["0.02820100", "0.00000000"], ["0.02820000", "24.13300000"], ["0.02819900", "12.93700000"], ["0.02819500", "10.35900000"], ["0.02818600", "9.95400000"], ["0.02815400", "0.00000000"], ["0.02806000", "0.00000000"]], "a": [["0.02820900", "0.10900000"], ["0.02821000", "4.00000000"], ["0.02821500", "5.69500000"], ["0.02821600", "0.01000000"], ["0.02821800", "18.91500000"], ["0.02822400", "28.08100000"]]}, {"e": "depthUpdate", "E": 1604224882326, "s": "ETHBTC", "U": 1737951819, "u": 1737951832, "b": [["0.02820300", "24.00000000"], ["0.02820000", "0.00000000"], ["0.02819600", "27.05800000"], ["0.02819100", "3.41100000"], ["0.02817300", "0.00000000"], ["0.02807800", "2.08400000"]], "a": [["0.02820500", "8.14800000"], ["0.02820600", "24.50100000"], ["0.02820900", "0.00000000"], ["0.02821500", "1.73500000"], ["0.02823100", "3.79600000"], ["0.02823800", "4.24700000"]]}, {"e": "depthUpdate", "E": 1604224883326, "s": "ETHBTC", "U": 1737951833, "u": 1737951874, "b": [["0.02820300", "0.00000000"], ["0.02820200", "0.00000000"], ["0.02820100", "24.15800000"], ["0.02820000", "0.11600000"], ["0.02819800", "5.83200000"], ["0.02819700", "11.00000000"], ["0.02819600", "26.81200000"], ["0.02819500", "10.35900000"], ["0.02819400", "0.00000000"], ["0.02818500", "13.80400000"], ["0.02782100", "1.06600000"]], "a": [["0.02820200", "0.00000000"], ["0.02820300", "0.00000000"], ["0.02820400", "136.00000000"], ["0.02820500", "24.00000000"], ["0.02820600", "0.27800000"], ["0.02820800", "15.89900000"], ["0.02820900", "1.72600000"], ["0.02821100", "4.10800000"], ["0.02821800", "4.00000000"], ["0.02822600", "13.37900000"], ["0.02823000", "12.43100000"], ["0.02998000", "5.05900000"], ["0.03500500", "0.17000000"]]}, {"e": "depthUpdate", "E": 1604224884326, "s": "ETHBTC", "U": 1737951875, "u": 1737951900, "b": [["0.02820100", "25.02500000"], ["0.02819600", "27.06300000"], ["0.02817300", "0.00000000"], ["0.02791700", "0.86800000"]], "a": [["0.02820300", "5.40800000"], ["0.02820500", "24.23000000"], ["0.02821000", "4.00000000"], ["0.02821100", "3.96000000"], ["0.02821700", "14.91500000"], ["0.02998000", "6.18600000"]]}, {"e": "depthUpdate", "E": 1604224885326, "s": "ETHBTC", "U": 1737951901, "u": 1737951926, "b": [["0.02820200", "0.00000000"], ["0.02819700", "4.00000000"], ["0.02819600", "22.81200000"], ["0.02819500", "10.35900000"], ["0.02819400", "0.21300000"], ["0.02818900", "7.09300000"], ["0.02817300", "7.09600000"], ["0.02791500", "3.12100000"], ["0.02680800", "13.97900000"]], "a": [["0.02820400", "136.15300000"], ["0.02820500", "24.00000000"]]}, {"e": "depthUpdate", "E": 1604224886327, "s": "ETHBTC", "U": 1737951927, "u": 1737952005, "b": [["0.02820200", "70.17500000"], ["0.02820100", "24.00000000"], ["0.02820000", "7.49900000"], ["0.02819600", "1.72600000"], ["0.02819400", "2.14700000"], ["0.02819300", "0.00000000"], ["0.02819200", "0.00000000"], ["0.02819100", "0.00000000"], ["0.02819000", "2.26400000"], ["0.02818900", "0.00000000"], ["0.02818700", "0.00000000"], ["0.02818500", "5.39800000"], ["0.02818100", "0.00000000"], ["0.02817300", "0.00000000"], ["0.02812900", "0.00000000"], ["0.02807800", "1.67100000"], ["0.02805600", "0.41700000"]], "a": [["0.02820300", "0.00400000"], ["0.02820400", "0.00000000"], ["0.02820500", "0.00000000"], ["0.02820600", "0.00000000"], ["0.02820700", "0.00000000"], ["0.02820800", "0.02800000"], ["0.02820900", "0.00000000"], ["0.02821000", "0.00000000"], ["0.02821100", "0.00000000"], ["0.02821200", "0.15600000"], ["0.02821400", "0.00000000"], ["0.02821600", "0.01000000"], ["0.02821700", "0.00000000"], ["0.02821800", "7.96000000"], ["0.02822000", "11.62800000"], ["0.02822200", "4.37800000"], ["0.02822400", "28.07900000"], ["0.02822500", "5.40700000"], ["0.02822600", "26.31300000"], ["0.02822700", "8.26500000"], ["0.02822800", "5.39600000"], ["0.02823000", "58.09900000"], ["0.02823200", "0.00000000"], ["0.02823800", "12.16300000"]]}, {"e": "depthUpdate", "E": 1604224887327, "s": "ETHBTC", "U": 1737952006, "u": 1737952060, "b": [["0.02820200", "72.23300000"], ["0.02820100", "36.93300000"], ["0.02820000", "0.40800000"], ["0.02819900", "19.35000000"], ["0.02819700", "0.00000000"], ["0.02819600", "6.20000000"], ["0.02819400", "0.00000000"], ["0.02818600", "9.95400000"], ["0.02817300", "0.00400000"], ["0.02816600", "0.00000000"], ["0.02792600", "1.28600000"]], "a": [["0.02821000", "0.00000000"], ["0.02821100", "0.00000000"], ["0.02821200", "0.00000000"], ["0.02821700", "14.91500000"], ["0.02821800", "8.09200000"], ["0.02821900", "15.60100000"], ["0.02822000", "15.50800000"], ["0.02822100", "3.19500000"], ["0.02822400", "0.00000000"], ["0.02822500", "0.00500000"], ["0.02822600", "20.93400000"], ["0.02822800", "0.00000000"], ["0.02823000", "14.88800000"], ["0.02823100", "24.04600000"], ["0.02823300", "5.38000000"], ["0.02823500", "4.47100000"], ["0.02823600", "87.22100000"], ["0.02823700", "8.36100000"], ["0.02823900", "5.39800000"], ["0.02824400", "5.40900000"], ["0.02824600", "14.79000000"], ["0.02830200", "13.80100000"], ["0.02857800", "0.04300000"]]}, {"e": "depthUpdate", "E": 1604224888327, "s": "ETHBTC", "U": 1737952061, "u": 1737952088, "b": [["0.02820200", "69.34400000"], ["0.02819600", "20.38200000"], ["0.02819400", "2.14700000"], ["0.02819300", "5.19100000"], ["0.02818900", "22.81200000"], ["0.02817300", "0.00000000"], ["0.02816500", "63.91300000"], ["0.02815200", "37.00000000"], ["0.02813800", "7.20700000"], ["0.02793900", "0.72500000"], ["0.02680800", "13.97900000"]], "a": [["0.02821200", "11.00000000"], ["0.02821500", "1.73500000"], ["0.02821600", "15.61100000"], ["0.02821700", "0.00000000"], ["0.02821800", "23.00700000"], ["0.02821900", "0.00000000"], ["0.02824000", "3.21600000"], ["0.02998000", "5.05900000"]]}, {"e": "depthUpdate", "E": 1604224889327, "s": "ETHBTC", "U": 1737952089, "u": 1737952109, "b": [["0.02819700", "6.43200000"], ["0.02819600", "13.29100000"], ["0.02819000", "4.95300000"], ["0.02818900", "22.81200000"], ["0.02818600", "7.25600000"], ["0.02818400", "12.29000000"], ["0.02817700", "15.08000000"], ["0.02817600", "40.49100000"]], "a": [["0.02821200", "11.00000000"], ["0.02821400", "1.72600000"], ["0.02821700", "0.00000000"], ["0.02821800", "7.96000000"], ["0.02822100", "0.49700000"], ["0.02822500", "14.92000000"], ["0.02822800", "2.68900000"], ["0.02998000", "6.18600000"]]}, {"e": "depthUpdate", "E": 1604224890327, "s": "ETHBTC", "U": 1737952110, "u": 1737952118, "b": [["0.02820100", "36.93300000"], ["0.02818500", "23.53700000"], ["0.02817800", "5.41200000"]], "a": [["0.02821100", "0.14200000"], ["0.02823800", "0.02800000"], ["0.02823900", "17.50100000"], ["0.02825800", "35.88900000"]]}, {"e": "depthUpdate", "E": 1604224891327, "s": "ETHBTC", "U": 1737952119, "u": 1737952132, "b": [["0.02820200", "69.13400000"], ["0.02819900", "19.35000000"], ["0.02805600", "0.00400000"]], "a": [["0.02820900", "0.00000000"], ["0.02821100", "0.27300000"], ["0.02822300", "12.93400000"], ["0.02823200", "1.34500000"], ["0.02825800", "35.88900000"]]}, {"e": "depthUpdate", "E": 1604224892327, "s": "ETHBTC", "U": 1737952133, "u": 1737952151, "b": [["0.02812300", "0.02600000"], ["0.02809800", "2.85900000"], ["0.02793100", "0.00000000"]], "a": [["0.02820700", "0.00000000"], ["0.02821100", "4.00000000"], ["0.02821400", "0.00000000"], ["0.02821700", "0.16000000"], ["0.02822000", "11.50800000"], ["0.02823300", "45.87600000"], ["0.02823600", "46.72000000"], ["0.02824100", "7.88100000"], ["0.02824500", "9.87400000"], ["0.02825800", "35.88900000"], ["0.03498000", "17.85200000"], ["0.05000100", "0.00800000"]]}, {"e": "depthUpdate", "E": 1604224893327, "s": "ETHBTC", "U": 1737952152, "u": 1737952198, "b": [["0.02820500", "1.30900000"], ["0.02820400", "26.24700000"], ["0.02820300", "36.15500000"], ["0.02820200", "68.10900000"], ["0.02820000", "0.11600000"], ["0.02819600", "14.85800000"], ["0.02819500", "0.00000000"], ["0.02819200", "7.68500000"], ["0.02818600", "10.37600000"], ["0.02818500", "17.53000000"], ["0.02818400", "10.58900000"], ["0.02818000", "15.85300000"], ["0.02817800", "0.01000000"], ["0.02817600", "37.37000000"]], "a": [["0.02820300", "0.00000000"], ["0.02821100", "0.00000000"], ["0.02821300", "11.00000000"], ["0.02821600", "15.61100000"], ["0.02821700", "0.24600000"], ["0.02821800", "7.96000000"], ["0.02821900", "4.07000000"], ["0.02822100", "4.49700000"], ["0.02822200", "0.04800000"], ["0.02822900", "4.33000000"], ["0.02823100", "3.79600000"], ["0.02823300", "5.38000000"], ["0.02823700", "28.60800000"], ["0.02823900", "57.99400000"], ["0.02825800", "35.83800000"], ["0.02826000", "0.09600000"], ["0.02998000", "6.18600000"], ["0.05000100", "0.00600000"]]}, {"e": "depthUpdate", "E": 1604224894327, "s": "ETHBTC", "U": 1737952199, "u": 1737952281, "b": [["0.02820700", "69.19600000"], ["0.02820600", "10.34900000"], ["0.02820500", "0.19800000"], ["0.02820400", "26.35400000"], ["0.02820300", "43.24400000"], ["0.02820200", "31.31900000"], ["0.02820100", "12.93300000"], ["0.02819900", "26.44000000"], ["0.02819800", "0.00000000"], ["0.02819600", "6.20000000"], ["0.02819500", "1.65500000"], ["0.02818900", "6.00900000"], ["0.02816500", "0.00000000"], ["0.02816200", "0.25300000"], ["0.02815700", "63.93100000"], ["0.02814500", "0.00000000"], ["0.02807800", "0.04400000"]], "a": [["0.02821500", "0.00000000"], ["0.02821600", "0.01000000"], ["0.02821700", "0.00000000"], ["0.02821800", "0.00000000"], ["0.02821900", "18.98500000"], ["0.02822000", "7.62800000"], ["0.02822100", "4.11800000"], ["0.02822200", "17.41600000"], ["0.02822300", "0.00000000"], ["0.02822500", "7.85000000"], ["0.02822800", "4.00000000"], ["0.02823000", "5.15600000"], ["0.02823200", "0.00000000"], ["0.02823300", "0.00400000"], ["0.02823500", "5.81700000"], ["0.02823600", "54.57200000"], ["0.02823700", "24.57500000"], ["0.02823800", "1.37300000"], ["0.02823900", "70.92200000"], ["0.02824100", "13.27300000"], ["0.02824200", "4.03500000"], ["0.02824400", "0.00800000"], ["0.02824500", "1.35000000"], ["0.02825100", "5.40000000"]]}, {"e": "depthUpdate", "E": 1604224895327, "s": "ETHBTC", "U": 1737952282, "u": 1737952334, "b": [["0.02820700", "71.34300000"], ["0.02820500", "0.00000000"], ["0.02820400", "24.10700000"], ["0.02819900", "19.35000000"], ["0.02819400", "0.00000000"], ["0.02819000", "2.68900000"], ["0.02818700", "0.00000000"], ["0.02818300", "0.00000000"], ["0.02815700", "66.19500000"], ["0.02808500", "1.68200000"], ["0.02680800", "13.97900000"]], "a": [["0.02821800", "3.96000000"], ["0.02821900", "4.07000000"], ["0.02822100", "19.19900000"], ["0.02822300", "0.00000000"], ["0.02822400", "0.49900000"], ["0.02822500", "3.89000000"], ["0.02823100", "0.25000000"], ["0.02823500", "2.69600000"], ["0.02823600", "53.74100000"], ["0.02824000", "2.79500000"], ["0.02824500", "4.46900000"]]}, {"e": "depthUpdate", "E": 1604224896327, "s": "ETHBTC", "U": 1737952335, "u": 1737952380, "b": [["0.02820700", "59.36400000"], ["0.02820600", "5.17500000"], ["0.02820500", "0.12300000"], ["0.02820400", "24.00000000"], ["0.02820000", "4.11600000"], ["0.02819700", "12.26400000"], ["0.02818900", "28.82100000"]], "a": [["0.02821700", "0.00000000"], ["0.02821800", "4.08900000"], ["0.02822100", "4.00000000"], ["0.02822300", "0.00000000"], ["0.02823900", "12.92800000"], ["0.02824000", "2.79500000"], ["0.02824300", "5.39700000"], ["0.02824400", "40.49500000"], ["0.02824600", "14.79200000"], ["0.02824700", "12.10100000"]]}, {"e": "depthUpdate", "E": 1604224897328, "s": "ETHBTC", "U": 1737952381, "u": 1737952450, "b": [["0.02820700", "63.56100000"], ["0.02820500", "0.24600000"], ["0.02820400", "29.83200000"], ["0.02820100", "12.93300000"], ["0.02820000", "2.26300000"], ["0.02819900", "21.14600000"], ["0.02819700", "6.43200000"], ["0.02819600", "14.20000000"], ["0.02818300", "0.00000000"], ["0.02818200", "2.71300000"], ["0.02817700", "1.96900000"], ["0.02809800", "2.44700000"], ["0.02800000", "111.18000000"]], "a": [["0.02821100", "0.00000000"], ["0.02821200", "0.00000000"], ["0.02821600", "0.01000000"], ["0.02821700", "0.00000000"], ["0.02821800", "0.00000000"], ["0.02821900", "5.79500000"], ["0.02822100", "0.00000000"], ["0.02822200", "17.41600000"], ["0.02822300", "3.96000000"], ["0.02822400", "0.00000000"], ["0.02822500", "3.89000000"], ["0.02822600", "21.06800000"], ["0.02822800", "0.00000000"], ["0.02822900", "8.33000000"], ["0.02823000", "9.15600000"], ["0.02823700", "4.32800000"], ["0.02824100", "33.51500000"], ["0.02824600", "0.00000000"], ["0.02825100", "20.19400000"], ["0.02826500", "0.10600000"], ["0.02998000", "5.05900000"], ["0.05000100", "0.00800000"]]}, {"e": "depthUpdate", "E": 1604224898327, "s": "ETHBTC", "U": 1737952451, "u": 1737952489, "b": [["0.02820700", "68.73600000"], ["0.02820600", "6.90000000"], ["0.02820500", "3.54500000"], ["0.02820300", "48.35200000"], ["0.02819900", "19.35000000"], ["0.02819600", "12.47400000"], ["0.02818700", "0.00000000"], ["0.02818200", "2.70900000"], ["0.02800800", "59.78400000"]], "a": [["0.02821700", "11.00000000"], ["0.02821800", "3.96000000"], ["0.02822300", "0.00000000"], ["0.02822400", "0.00000000"], ["0.02822500", "3.89000000"], ["0.02822600", "20.93400000"], ["0.02998000", "6.18600000"], ["0.05000100", "0.01000000"]]}, {"e": "depthUpdate", "E": 1604224899327, "s": "ETHBTC", "U": 1737952490, "u": 1737952512, "b": [["0.02820500", "3.54500000"], ["0.02820300", "43.24400000"], ["0.02820000", "2.26300000"], ["0.02819400", "7.09000000"], ["0.02811800", "0.10000000"], ["0.02811000", "0.47500000"]], "a": [["0.02822200", "17.52700000"], ["0.02822300", "0.00000000"]]}, {"e": "depthUpdate", "E": 1604224900327, "s": "ETHBTC", "U": 1737952513, "u": 1737952587, "b": [["0.02821300", "0.00000000"], ["0.02821100", "0.00000000"], ["0.02821000", "0.00000000"], ["0.02820900", "0.00000000"], ["0.02820800", "3.57000000"], ["0.02820700", "63.71400000"], ["0.02820500", "0.00000000"], ["0.02820400", "24.00000000"], ["0.02820200", "32.60500000"], ["0.02819900", "26.78500000"], ["0.02819500", "11.48700000"], ["0.02819400", "0.00000000"], ["0.02819300", "9.09900000"]], "a": [["0.02820800", "0.00000000"], ["0.02821100", "11.24800000"], ["0.02821200", "115.96000000"], ["0.02821300", "24.00000000"], ["0.02821400", "0.00000000"], ["0.02821500", "0.00000000"], ["0.02821600", "0.01000000"], ["0.02821700", "0.00000000"], ["0.02821800", "0.00000000"], ["0.02821900", "5.72500000"], ["0.02822000", "0.02500000"], ["0.02822200", "17.41600000"], ["0.02822600", "21.19000000"], ["0.02822700", "8.26500000"], ["0.02823000", "5.15600000"], ["0.02823400", "0.01000000"], ["0.02823700", "0.00000000"], ["0.02824100", "56.32700000"], ["0.02824300", "12.48300000"], ["0.02824600", "4.32700000"], ["0.02825800", "31.50500000"], ["0.02827100", "4.33600000"], ["0.02837000", "0.00000000"], ["0.02838800", "17.31800000"]]}, {"e": "depthUpdate", "E": 1604224901327, "s": "ETHBTC", "U": 1737952588, "u": 1737952638, "b": [["0.02820800", "3.37500000"], ["0.02820600", "9.40600000"], ["0.02820400", "29.83200000"], ["0.02819800", "7.09000000"], ["0.02819700", "6.43200000"], ["0.02819500", "1.65500000"], ["0.02815000", "0.00000000"]], "a": [["0.02820900", "0.00000000"], ["0.02821000", "0.00000000"], ["0.02821100", "4.92900000"], ["0.02821200", "112.00000000"], ["0.02821500", "0.00000000"], ["0.02821600", "0.23400000"], ["0.02821700", "0.00000000"], ["0.02821800", "3.96000000"], ["0.02822100", "0.00000000"], ["0.02822200", "1.81500000"], ["0.02822600", "20.93400000"], ["0.02823500", "18.29700000"], ["0.02824000", "43.27700000"], ["0.02824300", "5.39700000"], ["0.02824400", "0.00800000"], ["0.02826500", "0.05500000"]]}, {"e": "depthUpdate", "E": 1604224902327, "s": "ETHBTC", "U": 1737952639, "u": 1737952728, "b": [["0.02821400", "0.00000000"], ["0.02821300", "24.00000000"], ["0.02821200", "0.00000000"], ["0.02821100", "0.00000000"], ["0.02821000", "0.00000000"], ["0.02820900", "2.24700000"], ["0.02820800", "0.00000000"], ["0.02820700", "63.92600000"], ["0.02820600", "9.17500000"], ["0.02820500", "3.90800000"], ["0.02820400", "0.00000000"], ["0.02820200", "11.02600000"], ["0.02820000", "5.67400000"], ["0.02819800", "0.00000000"], ["0.02819300", "5.19100000"], ["0.02819100", "7.08900000"], ["0.02818900", "28.20200000"], ["0.02818800", "41.33700000"], ["0.02818500", "12.13200000"], ["0.02817900", "2.70000000"], ["0.02782900", "0.13300000"]], "a": [["0.02821100", "0.00000000"], ["0.02821200", "0.00000000"], ["0.02821300", "0.00000000"], ["0.02821400", "139.39600000"], ["0.02821500", "0.29100000"], ["0.02821600", "0.01000000"], ["0.02821700", "0.29500000"], ["0.02821800", "3.96000000"], ["0.02822000", "0.02500000"], ["0.02823400", "14.92500000"], ["0.02823500", "38.53700000"], ["0.02824000", "43.27700000"], ["0.02824100", "36.08500000"], ["0.02826500", "0.10600000"], ["0.02998000", "6.18600000"]]}, {"e": "depthUpdate", "E": 1604224903327, "s": "ETHBTC", "U": 1737952729, "u": 1737952796, "b": [["0.02821500", "27.00000000"], ["0.02821400", "5.27200000"], ["0.02821300", "32.50000000"], ["0.02821200", "0.00000000"], ["0.02821100", "0.20900000"], ["0.02821000", "0.00000000"], ["0.02820900", "2.35400000"], ["0.02820700", "31.21400000"], ["0.02820600", "9.17500000"], ["0.02820500", "0.00000000"], ["0.02820000", "2.26300000"], ["0.02819700", "6.43200000"], ["0.02819500", "5.56300000"], ["0.02819300", "9.40900000"], ["0.02819100", "0.00000000"], ["0.02818900", "34.20700000"], ["0.02811800", "0.00000000"]], "a": [["0.02821400", "0.00000000"], ["0.02821500", "0.00000000"], ["0.02821600", "0.01000000"], ["0.02821700", "0.00000000"], ["0.02821800", "14.96000000"], ["0.02821900", "4.00000000"], ["0.02822000", "4.18500000"], ["0.02822100", "0.00000000"], ["0.02822900", "4.33000000"], ["0.02823500", "18.29700000"], ["0.02823900", "33.16700000"], ["0.02989000", "5.00000000"]]}, {"e": "depthUpdate", "E": 1604224904328, "s": "ETHBTC", "U": 1737952797, "u": 1737952953, "b": [["0.02821900", "74.40400000"], ["0.02821800", "5.65800000"], ["0.02821700", "26.38400000"], ["0.02821600", "0.00000000"], ["0.02821500", "24.65200000"], ["0.02821400", "6.01200000"], ["0.02821300", "2.14700000"], ["0.02821100", "0.00000000"], ["0.02821000", "0.00000000"], ["0.02820900", "0.10700000"], ["0.02820800", "6.40800000"], ["0.02820700", "6.43700000"], ["0.02820600", "4.47400000"], ["0.02820500", "7.59600000"], ["0.02820200", "0.00000000"], ["0.02820100", "12.95500000"], ["0.02820000", "42.49600000"], ["0.02819900", "20.37200000"], ["0.02819700", "0.00000000"], ["0.02819600", "8.00000000"], ["0.02819500", "0.00000000"], ["0.02819400", "2.69500000"], ["0.02819300", "9.40900000"], ["0.02819000", "0.00000000"], ["0.02818900", "10.78500000"], ["0.02818800", "39.70800000"], ["0.02818600", "14.41000000"], ["0.02818400", "5.19100000"], ["0.02818200", "0.00800000"], ["0.02818000", "11.82400000"], ["0.02817200", "0.00000000"], ["0.02782300", "0.15100000"]], "a": [["0.02821600", "0.00000000"], ["0.02821800", "0.00000000"], ["0.02821900", "0.00000000"], ["0.02822000", "0.02500000"], ["0.02822200", "0.04800000"], ["0.02822400", "0.00000000"], ["0.02822500", "0.00500000"], ["0.02822600", "0.27800000"], ["0.02822700", "0.93900000"], ["0.02822800", "4.00000000"], ["0.02822900", "4.00000000"], ["0.02823000", "0.06000000"], ["0.02823200", "16.51700000"], ["0.02823300", "3.89400000"], ["0.02823400", "7.34800000"], ["0.02823500", "15.60100000"], ["0.02823600", "48.58800000"], ["0.02823800", "0.02800000"], ["0.02823900", "12.92800000"], ["0.02824000", "4.42900000"], ["0.02824100", "28.11500000"], ["0.02824200", "0.00000000"], ["0.02824300", "43.16300000"], ["0.02824400", "7.85600000"], ["0.02824500", "15.07900000"], ["0.02824600", "19.65700000"], ["0.02824700", "5.39500000"], ["0.02824800", "9.13500000"], ["0.02824900", "1.48300000"], ["0.02825100", "26.92000000"], ["0.02825600", "35.62900000"]]}, {"e": "depthUpdate", "E": 1604224905328, "s": "ETHBTC", "U": 1737952954, "u": 1737953007, "b": [["0.02821900", "30.94400000"], ["0.02821800", "7.51800000"], ["0.02821700", "24.00000000"], ["0.02821000", "10.34400000"], ["0.02820900", "11.10300000"], ["0.02820800", "9.81900000"], ["0.02820200", "4.32500000"], ["0.02820100", "18.18200000"], ["0.02819200", "7.68500000"], ["0.02818500", "0.00000000"], ["0.02810000", "0.05000000"], ["0.02805500", "10.40300000"], ["0.02803200", "0.04300000"], ["0.02473200", "0.00000000"]], "a": [["0.02822000", "119.54700000"], ["0.02822400", "0.16800000"], ["0.02822500", "0.00500000"], ["0.02822600", "0.00000000"], ["0.02823000", "0.06000000"], ["0.02823100", "4.21000000"], ["0.02823200", "1.60200000"], ["0.02824300", "48.28500000"], ["0.02824400", "5.15800000"], ["0.02824500", "11.11900000"], ["0.02824800", "11.83200000"], ["0.02824900", "0.13400000"], ["0.02825000", "0.12400000"], ["0.02825300", "1.35400000"], ["0.02825500", "216.39400000"], ["0.02825800", "35.83000000"], ["0.02826500", "0.05500000"], ["0.02832500", "0.00000000"], ["0.02858400", "0.05100000"], ["0.02983700", "0.11800000"]]}, {"e": "depthUpdate", "E": 1604224906328, "s": "ETHBTC", "U": 1737953008, "u": 1737953049, "b": [["0.02821900", "0.00000000"], ["0.02821800", "0.00000000"], ["0.02821700", "24.23800000"], ["0.02821600", "5.23500000"], ["0.02821400", "0.00000000"], ["0.02821300", "0.00000000"], ["0.02821100", "1.72500000"], ["0.02820900", "3.90800000"], ["0.02820600", "10.17900000"], ["0.02820500", "13.42800000"], ["0.02820400", "2.26400000"], ["0.02819600", "8.00000000"], ["0.02819500", "22.81200000"], ["0.02819100", "12.12600000"], ["0.02817600", "37.37000000"], ["0.02817000", "0.00000000"], ["0.02815700", "63.93100000"], ["0.02811700", "0.00400000"], ["0.02784000", "14.91100000"]], "a": [["0.02822000", "139.47700000"], ["0.02822600", "3.96000000"], ["0.02823100", "0.25000000"], ["0.02823300", "3.89400000"], ["0.02823400", "22.26300000"], ["0.02834700", "1.16900000"], ["0.02998000", "5.05900000"]]}, {"e": "depthUpdate", "E": 1604224907328, "s": "ETHBTC", "U": 1737953050, "u": 1737953103, "b": [["0.02821700", "24.00000000"], ["0.02821600", "5.23500000"], ["0.02821500", "24.65200000"], ["0.02820600", "8.47400000"], ["0.02820400", "3.96500000"], ["0.02820200", "0.00000000"], ["0.02819300", "5.19100000"], ["0.02819200", "12.01200000"], ["0.02819000", "0.00400000"], ["0.02818700", "0.00000000"], ["0.02780000", "30.82600000"]], "a": [["0.02821800", "119.52300000"], ["0.02821900", "0.00000000"], ["0.02822000", "0.02500000"], ["0.02822300", "0.00000000"], ["0.02822400", "0.00000000"], ["0.02823300", "3.89400000"], ["0.02823400", "22.26300000"], ["0.02834700", "0.60200000"], ["0.02841600", "3.10700000"], ["0.02845300", "0.71700000"], ["0.02998000", "6.18600000"], ["0.13691300", "0.00000000"]]}, {"e": "depthUpdate", "E": 1604224908327, "s": "ETHBTC", "U": 1737953104, "u": 1737953160, "b": [["0.02821900", "32.03200000"], ["0.02821800", "0.00000000"], ["0.02821700", "68.52400000"], ["0.02821600", "0.00000000"], ["0.02821500", "24.65200000"], ["0.02820900", "6.11600000"], ["0.02820600", "10.47500000"], ["0.02820500", "7.59600000"], ["0.02819700", "0.00000000"], ["0.02819000", "0.00400000"], ["0.02818600", "15.75900000"], ["0.02818500", "5.39700000"], ["0.02818000", "6.42300000"], ["0.02817900", "1.34900000"], ["0.02798200", "0.00500000"], ["0.02794000", "0.03900000"]], "a": [["0.02821800", "0.00000000"], ["0.02822000", "3.47700000"], ["0.02822300", "0.10700000"], ["0.02822400", "11.00000000"], ["0.02822500", "1.72900000"], ["0.02823200", "2.09400000"], ["0.02824500", "14.66300000"], ["0.02834700", "1.12700000"], ["0.13689300", "0.00600000"]]}, {"e": "depthUpdate", "E": 1604224909329, "s": "ETHBTC", "U": 1737953161, "u": 1737953268, "b": [["0.02822000", "0.00000000"], ["0.02821900", "0.00000000"], ["0.02821800", "0.00000000"], ["0.02821700", "0.00000000"], ["0.02821500", "0.65200000"], ["0.02821400", "0.00000000"], ["0.02821100", "0.00000000"], ["0.02821000", "0.00000000"], ["0.02820900", "2.20800000"], ["0.02820800", "0.00000000"], ["0.02820700", "0.00000000"], ["0.02820600", "6.00100000"], ["0.02820500", "13.42800000"], ["0.02820400", "9.58300000"], ["0.02820300", "36.15500000"], ["0.02820100", "12.95500000"], ["0.02819700", "7.08900000"], ["0.02819500", "0.00000000"], ["0.02819300", "9.19100000"], ["0.02819100", "12.12600000"], ["0.02819000", "0.00000000"], ["0.02818900", "10.78500000"], ["0.02792400", "0.11800000"], ["0.02792200", "0.40200000"]], "a": [["0.02821800", "11.39300000"], ["0.02821900", "7.07000000"], ["0.02822000", "136.00000000"], ["0.02822100", "24.47600000"], ["0.02822300", "0.00000000"], ["0.02822400", "0.00000000"], ["0.02822800", "0.00000000"], ["0.02822900", "0.00000000"], ["0.02823000", "60.76200000"], ["0.02823200", "1.60200000"], ["0.02823300", "0.00400000"], ["0.02823400", "12.52000000"], ["0.02824000", "0.09600000"], ["0.02824100", "7.88100000"], ["0.02824300", "7.81600000"], ["0.02824400", "0.00800000"], ["0.02825800", "31.50500000"]]}, {"e": "depthUpdate", "E": 1604224910329, "s": "ETHBTC", "U": 1737953269, "u": 1737953334, "b": [["0.02821600", "0.00000000"], ["0.02821500", "3.65200000"], ["0.02821400", "0.00000000"], ["0.02821200", "0.00000000"], ["0.02820900", "0.00000000"], ["0.02820700", "4.00000000"], ["0.02820600", "0.00000000"], ["0.02820200", "6.41100000"], ["0.02820000", "47.66700000"], ["0.02819500", "1.69100000"], ["0.02819400", "7.16200000"], ["0.02819300", "5.19100000"], ["0.02819200", "7.68500000"], ["0.02818200", "4.33600000"], ["0.02812400", "2.00000000"], ["0.02805500", "0.03900000"], ["0.02803600", "10.37100000"]], "a": [["0.02821600", "147.42200000"], ["0.02821700", "24.00000000"], ["0.02821800", "8.00000000"], ["0.02821900", "0.00000000"], ["0.02822000", "24.00000000"], ["0.02822100", "0.00000000"], ["0.02822600", "0.00000000"], ["0.02822800", "7.46000000"], ["0.02822900", "0.00000000"], ["0.02823000", "0.06000000"], ["0.02823100", "5.40400000"], ["0.02823400", "7.34800000"], ["0.02824100", "12.20900000"], ["0.02824300", "7.81600000"], ["0.02824500", "15.08500000"], ["0.02834700", "0.60200000"]]}, {"e": "depthUpdate", "E": 1604224911329, "s": "ETHBTC", "U": 1737953335, "u": 1737953420, "b": [["0.02821500", "0.00000000"], ["0.02821300", "0.00000000"], ["0.02821200", "65.50000000"], ["0.02821100", "0.00000000"], ["0.02821000", "0.11700000"], ["0.02820900", "5.18400000"], ["0.02820800", "24.00000000"], ["0.02820500", "5.83200000"], ["0.02820300", "43.24300000"], ["0.02820200", "10.25500000"], ["0.02820100", "19.39000000"], ["0.02820000", "5.28700000"], ["0.02814600", "0.01000000"], ["0.02811000", "0.06300000"], ["0.02807800", "21.05600000"], ["0.02806000", "0.41300000"], ["0.02804700", "0.06600000"], ["0.02794000", "0.10600000"]], "a": [["0.02821300", "7.46200000"], ["0.02821400", "112.00000000"], ["0.02821500", "0.21300000"], ["0.02821600", "24.32800000"], ["0.02821700", "24.00000000"], ["0.02821800", "0.00000000"], ["0.02822000", "0.00000000"], ["0.02822300", "1.75400000"], ["0.02822400", "3.96000000"], ["0.02822500", "8.99300000"], ["0.02822600", "0.00000000"], ["0.02822700", "0.93900000"], ["0.02823000", "8.06000000"], ["0.02823200", "14.91500000"], ["0.02823300", "0.00400000"], ["0.02823800", "20.25500000"], ["0.02824300", "48.27000000"], ["0.02824500", "8.00000000"], ["0.02839900", "0.28000000"], ["0.02841800", "16.05000000"], ["0.02998000", "6.18600000"]]}, {"e": "depthUpdate", "E": 1604224912329, "s": "ETHBTC", "U": 1737953421, "u": 1737953487, "b": [["0.02821200", "27.00000000"], ["0.02821000", "0.11700000"], ["0.02820900", "5.18400000"], ["0.02820700", "0.00000000"], ["0.02820400", "5.17000000"], ["0.02820300", "36.15500000"], ["0.02820200", "8.57500000"], ["0.02820100", "23.39000000"], ["0.02820000", "5.28700000"], ["0.02819700", "10.50000000"], ["0.02819500", "5.59900000"], ["0.02818800", "39.70800000"], ["0.02816900", "49.26300000"], ["0.02816500", "2.26400000"], ["0.02815600", "0.00000000"]], "a": [["0.02821300", "4.06900000"], ["0.02821400", "112.33000000"], ["0.02821500", "0.00000000"], ["0.02821600", "24.00000000"], ["0.02821700", "0.27200000"], ["0.02821800", "0.00000000"], ["0.02822800", "7.46000000"], ["0.02822900", "0.00000000"], ["0.02823100", "5.40400000"], ["0.02823200", "0.00000000"], ["0.02823300", "0.00400000"], ["0.02823400", "22.26300000"], ["0.02824100", "12.20900000"], ["0.02824900", "3.25300000"]]}, {"e": "depthUpdate", "E": 1604224913329, "s": "ETHBTC", "U": 1737953488, "u": 1737953537, "b": [["0.02821200", "0.00000000"], ["0.02821000", "0.00000000"], ["0.02820800", "24.16900000"], ["0.02820600", "4.00000000"], ["0.02820500", "16.83200000"], ["0.02820400", "12.48900000"], ["0.02820100", "19.39000000"], ["0.02820000", "12.37500000"], ["0.02819700", "9.35300000"], ["0.02819500", "1.69100000"], ["0.02818500", "0.00000000"], ["0.02816500", "0.00000000"], ["0.02787100", "37.40400000"], ["0.02680800", "13.97900000"]], "a": [["0.02821300", "139.39300000"], ["0.02821400", "0.33000000"], ["0.02821500", "3.96000000"], ["0.02821600", "24.00000000"], ["0.02821700", "0.00000000"], ["0.02821800", "0.10300000"], ["0.02821900", "0.00000000"], ["0.02822100", "4.00000000"], ["0.02822200", "0.54000000"], ["0.02822400", "0.00000000"], ["0.02822800", "9.50400000"], ["0.02823000", "4.06000000"], ["0.02823300", "14.91900000"], ["0.02823400", "7.34800000"], ["0.02838800", "0.07400000"], ["0.02858400", "4.18500000"]]}, {"e": "depthUpdate", "E": 1604224914328, "s": "ETHBTC", "U": 1737953538, "u": 1737953614, "b": [["0.02821300", "66.58100000"], ["0.02821200", "0.61600000"], ["0.02821100", "28.86900000"], ["0.02821000", "24.00000000"], ["0.02820900", "0.00000000"], ["0.02820800", "0.00000000"], ["0.02820500", "5.83200000"], ["0.02820400", "8.58100000"], ["0.02820200", "2.16400000"], ["0.02820100", "12.95500000"], ["0.02820000", "5.17100000"], ["0.02819800", "13.50100000"], ["0.02819500", "1.69100000"]], "a": [["0.02821100", "0.00000000"], ["0.02821200", "0.00000000"], ["0.02821300", "0.00000000"], ["0.02821400", "112.00000000"], ["0.02821500", "4.06800000"], ["0.02821800", "0.00000000"], ["0.02822000", "0.12600000"], ["0.02822300", "0.00000000"], ["0.02822800", "8.30100000"], ["0.02823100", "5.40400000"], ["0.02823200", "0.00000000"], ["0.02823300", "0.00400000"], ["0.02823400", "22.26300000"], ["0.02823900", "35.73300000"], ["0.02836900", "17.41800000"]]}, {"e": "depthUpdate", "E": 1604224915328, "s": "ETHBTC", "U": 1737953615, "u": 1737953664, "b": [["0.02821300", "63.58100000"], ["0.02821200", "0.61600000"], ["0.02821100", "28.76400000"], ["0.02821000", "24.17500000"], ["0.02820600", "4.00000000"], ["0.02820000", "11.59900000"], ["0.02819800", "12.41000000"], ["0.02819700", "7.08900000"], ["0.02815600", "2.26400000"], ["0.02815200", "37.00000000"], ["0.02814200", "30.00000000"]], "a": [["0.02821400", "139.39300000"], ["0.02821500", "4.39800000"], ["0.02821600", "24.28300000"], ["0.02822000", "0.00000000"], ["0.02822600", "3.11900000"], ["0.02823300", "0.00400000"], ["0.02823400", "12.57900000"], ["0.02858400", "0.05100000"], ["0.02858500", "10.04500000"]]}, {"e": "depthUpdate", "E": 1604224916328, "s": "ETHBTC", "U": 1737953665, "u": 1737953730, "b": [["0.02821300", "27.00000000"], ["0.02821200", "5.26500000"], ["0.02821100", "24.00000000"], ["0.02821000", "0.00000000"], ["0.02820900", "0.00000000"], ["0.02820500", "7.55600000"], ["0.02820200", "6.07200000"], ["0.02820100", "20.04400000"], ["0.02819600", "8.10000000"]], "a": [["0.02821400", "143.46100000"], ["0.02821500", "0.33000000"], ["0.02821600", "24.00000000"], ["0.02822400", "1.67100000"], ["0.02822600", "0.00000000"], ["0.02823100", "5.40400000"], ["0.02823200", "0.00000000"], ["0.02823300", "14.91900000"], ["0.02823400", "32.80700000"], ["0.02823800", "0.02800000"], ["0.02823900", "76.18800000"], ["0.02824200", "7.08600000"], ["0.02824300", "7.81600000"], ["0.02998000", "5.05900000"]]}, {"e": "depthUpdate", "E": 1604224917328, "s": "ETHBTC", "U": 1737953731, "u": 1737953763, "b": [["0.02821200", "5.18400000"], ["0.02820900", "0.00000000"], ["0.02820700", "0.28200000"], ["0.02820400", "5.17000000"], ["0.02820100", "12.95500000"], ["0.02820000", "18.68900000"], ["0.02819600", "8.00000000"], ["0.02819500", "5.10200000"], ["0.02819000", "0.00400000"]], "a": [["0.02821400", "119.46100000"], ["0.02821600", "24.23800000"], ["0.02822000", "3.96000000"], ["0.02822600", "12.91900000"], ["0.02822800", "4.34100000"], ["0.02823900", "53.38300000"], ["0.02824600", "6.73400000"], ["0.02824900", "0.13400000"], ["0.02998000", "6.18600000"]]}, {"e": "depthUpdate", "E": 1604224918328, "s": "ETHBTC", "U": 1737953764, "u": 1737953805, "b": [["0.02821300", "65.50000000"], ["0.02820900", "0.28100000"], ["0.02820700", "0.00000000"], ["0.02820400", "8.58100000"], ["0.02820000", "11.59900000"], ["0.02819500", "1.69100000"], ["0.02819000", "0.00000000"], ["0.02818900", "10.78500000"], ["0.02817200", "0.00000000"], ["0.02798700", "0.26700000"]], "a": [["0.02821400", "0.27700000"], ["0.02821600", "24.47800000"], ["0.02821800", "0.27900000"], ["0.02821900", "11.00000000"], ["0.02824200", "0.00000000"]]}, {"e": "depthUpdate", "E": 1604224919329, "s": "ETHBTC", "U": 1737953806, "u": 1737953919, "b": [["0.02821300", "2.33200000"], ["0.02821200", "0.00000000"], ["0.02821100", "1.08200000"], ["0.02820900", "0.00000000"], ["0.02820800", "0.16400000"], ["0.02820600", "0.00000000"], ["0.02820500", "6.89700000"], ["0.02820400", "0.00000000"], ["0.02820200", "0.00000000"], ["0.02820000", "5.17300000"], ["0.02819900", "7.43500000"], ["0.02819800", "6.41200000"], ["0.02819400", "4.46700000"], ["0.02819300", "4.00000000"], ["0.02819200", "13.08000000"], ["0.02818900", "9.29800000"], ["0.02818600", "12.63900000"], ["0.02818500", "5.39600000"], ["0.02818400", "11.02300000"], ["0.02818300", "3.41100000"], ["0.02817800", "0.01000000"], ["0.02817000", "63.90200000"], ["0.02815700", "0.00000000"], ["0.02788500", "33.92400000"], ["0.02783100", "0.00000000"], ["0.02740400", "0.02600000"]], "a": [["0.02821400", "143.73900000"], ["0.02821500", "0.23600000"], ["0.02821600", "0.27700000"], ["0.02821700", "4.00000000"], ["0.02821800", "2.23300000"], ["0.02821900", "11.00000000"], ["0.02822200", "0.04800000"], ["0.02822500", "7.26900000"], ["0.02822600", "20.91900000"], ["0.02823000", "0.06000000"], ["0.02823100", "20.31900000"], ["0.02823200", "18.29500000"], ["0.02823300", "3.12300000"], ["0.02823500", "0.00000000"], ["0.02823700", "12.12500000"], ["0.02823900", "18.32300000"], ["0.02824300", "50.97600000"], ["0.02824500", "0.00000000"], ["0.02824700", "0.00000000"], ["0.02825100", "14.79400000"], ["0.02825600", "30.23200000"], ["0.02845900", "0.11500000"], ["0.02894000", "0.70600000"]]}, {"e": "depthUpdate", "E": 1604224920329, "s": "ETHBTC", "U": 1737953920, "u": 1737954034, "b": [["0.02821300", "0.00000000"], ["0.02821100", "0.00000000"], ["0.02821000", "0.00000000"], ["0.02820900", "2.72100000"], ["0.02820800", "0.00000000"], ["0.02820700", "0.00000000"], ["0.02820600", "0.00000000"], ["0.02820500", "0.00000000"], ["0.02820400", "1.21400000"], ["0.02820300", "36.31200000"], ["0.02820100", "0.02200000"], ["0.02819800", "0.00000000"], ["0.02819700", "0.00000000"], ["0.02819500", "2.26400000"], ["0.02819400", "5.83200000"], ["0.02819300", "7.41100000"], ["0.02819200", "19.49500000"], ["0.02819000", "13.52000000"], ["0.02818700", "4.47200000"], ["0.02818600", "11.29000000"], ["0.02818500", "0.00000000"], ["0.02818400", "5.19100000"], ["0.02818300", "12.92100000"], ["0.02818200", "5.68500000"], ["0.02818100", "0.00000000"], ["0.02818000", "19.34400000"], ["0.02817700", "5.08900000"], ["0.02817500", "5.39600000"], ["0.02816200", "0.00000000"], ["0.02815600", "0.00000000"], ["0.02814900", "0.48000000"], ["0.02806000", "0.00000000"], ["0.02792000", "0.00500000"], ["0.02785700", "1.28900000"]], "a": [["0.02821000", "150.34600000"], ["0.02821100", "30.00000000"], ["0.02821200", "28.23700000"], ["0.02821300", "0.68800000"], ["0.02821400", "1.00000000"], ["0.02821600", "0.00000000"], ["0.02821700", "4.00000000"], ["0.02821800", "1.72400000"], ["0.02821900", "0.00000000"], ["0.02822000", "0.00000000"], ["0.02822100", "0.00000000"], ["0.02822400", "16.58600000"], ["0.02822500", "7.26900000"], ["0.02823000", "0.06000000"], ["0.02823100", "5.40400000"], ["0.02824600", "6.73400000"]]}