[{"e": "aggTrade", "E": 1604224801124, "s": "ETHBTC", "a": 178114929, "p": "0.02820000", "q": "0.31900000", "f": 199142582, "l": 199142582, "T": 1604224801122, "m": true, "M": true}, {"e": "aggTrade", "E": 1604224801323, "s": "ETHBTC", "a": 178114930, "p": "0.02820000", "q": "18.34400000", "f": 199142583, "l": 199142583, "T": 1604224801322, "m": true, "M": true}, {"e": "aggTrade", "E": 1604224801440, "s": "ETHBTC", "a": 178114931, "p": "0.02820000", "q": "11.38500000", "f": 199142584, "l": 199142584, "T": 1604224801439, "m": true, "M": true}, {"e": "aggTrade", "E": 1604224804147, "s": "ETHBTC", "a": 178114932, "p": "0.02820300", "q": "0.57100000", "f": 199142585, "l": 199142585, "T": 1604224804146, "m": true, "M": true}, {"e": "aggTrade", "E": 1604224806109, "s": "ETHBTC", "a": 178114933, "p": "0.02820200", "q": "0.31900000", "f": 199142586, "l": 199142586, "T": 1604224806107, "m": true, "M": true}, {"e": "aggTrade", "E": 1604224806939, "s": "ETHBTC", "a": 178114934, "p": "0.02820200", "q": "0.78400000", "f": 199142587, "l": 199142587, "T": 1604224806938, "m": true, "M": true}, {"e": "aggTrade", "E": 1604224807037, "s": "ETHBTC", "a": 178114935, "p": "0.02820200", "q": "0.59200000", "f": 199142588, "l": 199142588, "T": 1604224807036, "m": true, "M": true}, {"e": "aggTrade", "E": 1604224808325, "s": "ETHBTC", "a": 178114936, "p": "0.02820300", "q": "0.33900000", "f": 199142589, "l": 199142589, "T": 1604224808323, "m": true, "M": true}, {"e": "aggTrade", "E": 1604224809362, "s": "ETHBTC", "a": 178114937, "p": "0.02820400", "q": "0.35100000", "f": 199142590, "l": 199142591, "T": 1604224809360, "m": false, "M": true}, {"e": "aggTrade", "E": 1604224810502, "s": "ETHBTC", "a": 178114938, "p": "0.02820500", "q": "4.41300000", "f": 199142592, "l": 199142592, "T": 1604224810501, "m": false, "M": true}, {"e": "aggTrade", "E": 1604224810623, "s": "ETHBTC", "a": 178114939, "p": "0.02820500", "q": "3.16400000", "f": 199142593, "l": 199142594, "T": 1604224810621, "m": false, "M": true}, {"e": "aggTrade", "E": 1604224811769, "s": "ETHBTC", "a": 178114940, "p": "0.02820600", "q": "18.57300000", "f": 199142595, "l": 199142596, "T": 1604224811767, "m": false, "M": true}, {"e": "aggTrade", "E": 1604224811881, "s": "ETHBTC", "a": 178114941, "p": "0.02820600", "q": "1.00000000", "f": 199142597, "l": 199142597, "T": 1604224811880, "m": false, "M": true}, {"e": "aggTrade", "E": 1604224811982, "s": "ETHBTC", "a": 178114942, "p": "0.02820600", "q": "14.00200000", "f": 199142598, "l": 199142599, "T": 1604224811981, "m": false, "M": true}, {"e": "aggTrade", "E": 1604224814167, "s": "ETHBTC", "a": 178114943, "p": "0.02820500", "q": "1.13000000", "f": 199142600, "l": 199142601, "T": 1604224814165, "m": false, "M": true}, {"e": "aggTrade", "E": 1604224814242, "s": "ETHBTC", "a": 178114944, "p": "0.02820500", "q": "3.44400000", "f": 199142602, "l": 199142603, "T": 1604224814241, "m": false, "M": true}, {"e": "aggTrade", "E": 1604224816472, "s": "ETHBTC", "a": 178114945, "p": "0.02820500", "q": "0.18000000", "f": 199142604, "l": 199142604, "T": 1604224816471, "m": true, "M": true}, {"e": "aggTrade", "E": 1604224816545, "s": "ETHBTC", "a": 178114946, "p": "0.02820600", "q": "1.05800000", "f": 199142605, "l": 199142605, "T": 1604224816544, "m": false, "M": true}, {"e": "aggTrade", "E": 1604224821609, "s": "ETHBTC", "a": 178114947, "p": "0.02820500", "q": "0.03600000", "f": 199142606, "l": 199142606, "T": 1604224821607, "m": false, "M": true}, {"e": "aggTrade", "E": 1604224822705, "s": "ETHBTC", "a": 178114948, "p": "0.02820900", "q": "0.26800000", "f": 199142607, "l": 199142607, "T": 1604224822704, "m": true, "M": true}, {"e": "aggTrade", "E": 1604224822708, "s": "ETHBTC", "a": 178114949, "p": "0.02820900", "q": "0.33700000", "f": 199142608, "l": 199142608, "T": 1604224822707, "m": true, "M": true}, {"e": "aggTrade", "E": 1604224827817, "s": "ETHBTC", "a": 178114950, "p": "0.02820800", "q": "5.70100000", "f": 199142609, "l": 199142609, "T": 1604224827816, "m": true, "M": true}, {"e": "aggTrade", "E": 1604224829540, "s": "ETHBTC", "a": 178114951, "p": "0.02820700", "q": "0.00500000", "f": 199142610, "l": 199142610, "T": 1604224829539, "m": true, "M": true}, {"e": "aggTrade", "E": 1604224832661, "s": "ETHBTC", "a": 178114952, "p": "0.02820100", "q": "15.98900000", "f": 199142611, "l": 199142611, "T": 1604224832660, "m": true, "M": true}, {"e": "aggTrade", "E": 1604224832766, "s": "ETHBTC", "a": 178114953, "p": "0.02820100", "q": "8.70900000", "f": 199142612, "l": 199142612, "T": 1604224832764, "m": true, "M": true}, {"e": "aggTrade", "E": 1604224833179, "s": "ETHBTC", "a": 178114954, "p": "0.02820200", "q": "0.81100000", "f": 199142613, "l": 199142613, "T": 1604224833178, "m": true, "M": true}, {"e": "aggTrade", "E": 1604224833179, "s": "ETHBTC", "a": 178114955, "p": "0.02820100", "q": "1.27400000", "f": 199142614, "l": 199142614, "T": 1604224833178, "m": true, "M": true}, {"e": "aggTrade", "E": 1604224836530, "s": "ETHBTC", "a": 178114956, "p": "0.02820200", "q": "0.31900000", "f": 199142615, "l": 199142615, "T": 1604224836528, "m": true, "M": true}, {"e": "aggTrade", "E": 1604224836630, "s": "ETHBTC", "a": 178114957, "p": "0.02820200", "q": "0.35400000", "f": 199142616, "l": 199142616, "T": 1604224836628, "m": true, "M": true}, {"e": "aggTrade", "E": 1604224837064, "s": "ETHBTC", "a": 178114958, "p": "0.02820200", "q": "0.48500000", "f": 199142617, "l": 199142617, "T": 1604224837063, "m": true, "M": true}, {"e": "aggTrade", "E": 1604224837901, "s": "ETHBTC", "a": 178114959, "p": "0.02820200", "q": "0.06000000", "f": 199142618, "l": 199142618, "T": 1604224837899, "m": true, "M": true}, {"e": "aggTrade", "E": 1604224839161, "s": "ETHBTC", "a": 178114960, "p": "0.02820100", "q": "7.65200000", "f": 199142619, "l": 199142619, "T": 1604224839160, "m": true, "M": true}, {"e": "aggTrade", "E": 1604224841985, "s": "ETHBTC", "a": 178114961, "p": "0.02820200", "q": "0.56000000", "f": 199142620, "l": 199142620, "T": 1604224841983, "m": true, "M": true}, {"e": "aggTrade", "E": 1604224853252, "s": "ETHBTC", "a": 178114962, "p": "0.02820100", "q": "3.00000000", "f": 199142621, "l": 199142621, "T": 1604224853251, "m": true, "M": true}, {"e": "aggTrade", "E": 1604224854954, "s": "ETHBTC", "a": 178114963, "p": "0.02820200", "q": "1.56300000", "f": 199142622, "l": 199142622, "T": 1604224854952, "m": true, "M": true}, {"e": "aggTrade", "E": 1604224856393, "s": "ETHBTC", "a": 178114964, "p": "0.02820300", "q": "9.52200000", "f": 199142623, "l": 199142623, "T": 1604224856392, "m": false, "M": true}, {"e": "aggTrade", "E": 1604224859855, "s": "ETHBTC", "a": 178114965, "p": "0.02819900", "q": "0.23000000", "f": 199142624, "l": 199142624, "T": 1604224859854, "m": true, "M": true}, {"e": "aggTrade", "E": 1604224859964, "s": "ETHBTC", "a": 178114966, "p": "0.02819900", "q": "0.31900000", "f": 199142625, "l": 199142625, "T": 1604224859962, "m": true, "M": true}, {"e": "aggTrade", "E": 1604224861008, "s": "ETHBTC", "a": 178114967, "p": "0.02820000", "q": "1.00000000", "f": 199142626, "l": 199142626, "T": 1604224861006, "m": false, "M": true}, {"e": "aggTrade", "E": 1604224861108, "s": "ETHBTC", "a": 178114968, "p": "0.02820100", "q": "1.00000000", "f": 199142627, "l": 199142627, "T": 1604224861107, "m": false, "M": true}, {"e": "aggTrade", "E": 1604224861669, "s": "ETHBTC", "a": 178114969, "p": "0.02820200", "q": "0.16000000", "f": 199142628, "l": 199142628, "T": 1604224861667, "m": true, "M": true}, {"e": "aggTrade", "E": 1604224861840, "s": "ETHBTC", "a": 178114970, "p": "0.02820300", "q": "0.81500000", "f": 199142629, "l": 199142630, "T": 1604224861838, "m": false, "M": true}, {"e": "aggTrade", "E": 1604224861972, "s": "ETHBTC", "a": 178114971, "p": "0.02820500", "q": "0.17900000", "f": 199142631, "l": 199142631, "T": 1604224861970, "m": true, "M": true}, {"e": "aggTrade", "E": 1604224863525, "s": "ETHBTC", "a": 178114972, "p": "0.02820500", "q": "0.31900000", "f": 199142632, "l": 199142632, "T": 1604224863524, "m": true, "M": true}, {"e": "aggTrade", "E": 1604224866191, "s": "ETHBTC", "a": 178114973, "p": "0.02820100", "q": "1.03700000", "f": 199142633, "l": 199142633, "T": 1604224866190, "m": true, "M": true}, {"e": "aggTrade", "E": 1604224866974, "s": "ETHBTC", "a": 178114974, "p": "0.02820100", "q": "0.62100000", "f": 199142634, "l": 199142634, "T": 1604224866973, "m": true, "M": true}, {"e": "aggTrade", "E": 1604224869448, "s": "ETHBTC", "a": 178114975, "p": "0.02820400", "q": "0.57800000", "f": 199142635, "l": 199142635, "T": 1604224869447, "m": false, "M": true}, {"e": "aggTrade", "E": 1604224871282, "s": "ETHBTC", "a": 178114976, "p": "0.02820500", "q": "1.02700000", "f": 199142636, "l": 199142636, "T": 1604224871280, "m": false, "M": true}, {"e": "aggTrade", "E": 1604224874142, "s": "ETHBTC", "a": 178114977, "p": "0.02820400", "q": "3.23200000", "f": 199142637, "l": 199142637, "T": 1604224874141, "m": true, "M": true}, {"e": "aggTrade", "E": 1604224874584, "s": "ETHBTC", "a": 178114978, "p": "0.02820300", "q": "0.12900000", "f": 199142638, "l": 199142638, "T": 1604224874583, "m": true, "M": true}, {"e": "aggTrade", "E": 1604224875095, "s": "ETHBTC", "a": 178114979, "p": "0.02820200", "q": "0.99200000", "f": 199142639, "l": 199142639, "T": 1604224875093, "m": true, "M": true}, {"e": "aggTrade", "E": 1604224875513, "s": "ETHBTC", "a": 178114980, "p": "0.02820500", "q": "0.07100000", "f": 199142640, "l": 199142640, "T": 1604224875511, "m": true, "M": true}, {"e": "aggTrade", "E": 1604224875924, "s": "ETHBTC", "a": 178114981, "p": "0.02820500", "q": "0.35500000", "f": 199142641, "l": 199142641, "T": 1604224875923, "m": true, "M": true}, {"e": "aggTrade", "E": 1604224876026, "s": "ETHBTC", "a": 178114982, "p": "0.02820500", "q": "0.35500000", "f": 199142642, "l": 199142642, "T": 1604224876025, "m": true, "M": true}, {"e": "aggTrade", "E": 1604224877587, "s": "ETHBTC", "a": 178114983, "p": "0.02820500", "q": "1.84800000", "f": 199142643, "l": 199142643, "T": 1604224877586, "m": true, "M": true}, {"e": "aggTrade", "E": 1604224878188, "s": "ETHBTC", "a": 178114984, "p": "0.02820500", "q": "0.16900000", "f": 199142644, "l": 199142644, "T": 1604224878187, "m": true, "M": true}, {"e": "aggTrade", "E": 1604224882932, "s": "ETHBTC", "a": 178114985, "p": "0.02820300", "q": "5.74300000", "f": 199142645, "l": 199142645, "T": 1604224882930, "m": true, "M": true}, {"e": "aggTrade", "E": 1604224883047, "s": "ETHBTC", "a": 178114986, "p": "0.02820300", "q": "12.76700000", "f": 199142646, "l": 199142646, "T": 1604224883046, "m": true, "M": true}, {"e": "aggTrade", "E": 1604224890962, "s": "ETHBTC", "a": 178114987, "p": "0.02820200", "q": "0.21000000", "f": 199142647, "l": 199142647, "T": 1604224890961, "m": true, "M": true}, {"e": "aggTrade", "E": 1604224893186, "s": "ETHBTC", "a": 178114988, "p": "0.02820300", "q": "0.00400000", "f": 199142648, "l": 199142648, "T": 1604224893185, "m": false, "M": true}, {"e": "aggTrade", "E": 1604224899581, "s": "ETHBTC", "a": 178114989, "p": "0.02820800", "q": "0.02800000", "f": 199142649, "l": 199142649, "T": 1604224899580, "m": false, "M": true}, {"e": "aggTrade", "E": 1604224900405, "s": "ETHBTC", "a": 178114990, "p": "0.02821100", "q": "0.35400000", "f": 199142650, "l": 199142650, "T": 1604224900404, "m": false, "M": true}, {"e": "aggTrade", "E": 1604224901054, "s": "ETHBTC", "a": 178114991, "p": "0.02821100", "q": "0.31900000", "f": 199142651, "l": 199142651, "T": 1604224901053, "m": false, "M": true}, {"e": "aggTrade", "E": 1604224901469, "s": "ETHBTC", "a": 178114992, "p": "0.02821100", "q": "4.92900000", "f": 199142652, "l": 199142652, "T": 1604224901467, "m": false, "M": true}, {"e": "aggTrade", "E": 1604224901570, "s": "ETHBTC", "a": 178114993, "p": "0.02821100", "q": "6.00000000", "f": 199142653, "l": 199142653, "T": 1604224901569, "m": false, "M": true}, {"e": "aggTrade", "E": 1604224903225, "s": "ETHBTC", "a": 178114994, "p": "0.02821400", "q": "0.01800000", "f": 199142654, "l": 199142654, "T": 1604224903223, "m": false, "M": true}, {"e": "aggTrade", "E": 1604224903595, "s": "ETHBTC", "a": 178114995, "p": "0.02821600", "q": "0.01000000", "f": 199142655, "l": 199142655, "T": 1604224903594, "m": false, "M": true}, {"e": "aggTrade", "E": 1604224903595, "s": "ETHBTC", "a": 178114996, "p": "0.02821800", "q": "5.94400000", "f": 199142656, "l": 199142656, "T": 1604224903594, "m": false, "M": true}, {"e": "aggTrade", "E": 1604224904903, "s": "ETHBTC", "a": 178114997, "p": "0.02821900", "q": "0.05600000", "f": 199142657, "l": 199142657, "T": 1604224904901, "m": true, "M": true}, {"e": "aggTrade", "E": 1604224908480, "s": "ETHBTC", "a": 178114998, "p": "0.02822000", "q": "0.08400000", "f": 199142658, "l": 199142659, "T": 1604224908479, "m": false, "M": true}, {"e": "aggTrade", "E": 1604224919264, "s": "ETHBTC", "a": 178114999, "p": "0.02821300", "q": "0.66800000", "f": 199142660, "l": 199142660, "T": 1604224919262, "m": true, "M": true}, {"e": "aggTrade", "E": 1604224919386, "s": "ETHBTC", "a": 178115000, "p": "0.02821300", "q": "2.33200000", "f": 199142661, "l": 199142661, "T": 1604224919384, "m": true, "M": true}, {"e": "aggTrade", "E": 1604224920057, "s": "ETHBTC", "a": 178115001, "p": "0.02820900", "q": "0.27900000", "f": 199142662, "l": 199142662, "T": 1604224920056, "m": true, "M": true}, {"e": "aggTrade", "E": 1604224920458, "s": "ETHBTC", "a": 178115002, "p": "0.02820900", "q": "2.72100000", "f": 199142663, "l": 199142663, "T": 1604224920457, "m": true, "M": true}, {"e": "aggTrade", "E": 1604224922061, "s": "ETHBTC", "a": 178115003, "p": "0.02820300", "q": "0.27700000", "f": 199142664, "l": 199142664, "T": 1604224922060, "m": true, "M": true}, {"e": "aggTrade", "E": 1604224922134, "s": "ETHBTC", "a": 178115004, "p": "0.02820300", "q": "0.74800000", "f": 199142665, "l": 199142665, "T": 1604224922133, "m": true, "M": true}, {"e": "aggTrade", "E": 1604224922166, "s": "ETHBTC", "a": 178115005, "p": "0.02820300", "q": "1.86800000", "f": 199142666, "l": 199142666, "T": 1604224922165, "m": true, "M": true}, {"e": "aggTrade", "E": 1604224923061, "s": "ETHBTC", "a": 178115006, "p": "0.02820300", "q": "0.27700000", "f": 199142667, "l": 199142667, "T": 1604224923060, "m": true, "M": true}, {"e": "aggTrade", "E": 1604224923463, "s": "ETHBTC", "a": 178115007, "p": "0.02820400", "q": "2.69800000", "f": 199142668, "l": 199142668, "T": 1604224923461, "m": false, "M": true}, {"e": "aggTrade", "E": 1604224923467, "s": "ETHBTC", "a": 178115008, "p": "0.02820400", "q": "2.69000000", "f": 199142669, "l": 199142670, "T": 1604224923465, "m": false, "M": true}, {"e": "aggTrade", "E": 1604224924611, "s": "ETHBTC", "a": 178115009, "p": "0.02820300", "q": "6.38300000", "f": 199142671, "l": 199142671, "T": 1604224924609, "m": true, "M": true}, {"e": "aggTrade", "E": 1604224924840, "s": "ETHBTC", "a": 178115010, "p": "0.02820300", "q": "0.31900000", "f": 199142672, "l": 199142672, "T": 1604224924838, "m": true, "M": true}, {"e": "aggTrade", "E": 1604224924924, "s": "ETHBTC", "a": 178115011, "p": "0.02820300", "q": "3.78800000", "f": 199142673, "l": 199142673, "T": 1604224924922, "m": true, "M": true}, {"e": "aggTrade", "E": 1604224925159, "s": "ETHBTC", "a": 178115012, "p": "0.02820300", "q": "0.31900000", "f": 199142674, "l": 199142674, "T": 1604224925157, "m": true, "M": true}, {"e": "aggTrade", "E": 1604224925524, "s": "ETHBTC", "a": 178115013, "p": "0.02820300", "q": "0.14100000", "f": 199142675, "l": 199142675, "T": 1604224925522, "m": true, "M": true}, {"e": "aggTrade", "E": 1604224925797, "s": "ETHBTC", "a": 178115014, "p": "0.02820300", "q": "7.25200000", "f": 199142676, "l": 199142676, "T": 1604224925796, "m": true, "M": true}, {"e": "aggTrade", "E": 1604224925853, "s": "ETHBTC", "a": 178115015, "p": "0.02820300", "q": "7.53100000", "f": 199142677, "l": 199142677, "T": 1604224925851, "m": true, "M": true}, {"e": "aggTrade", "E": 1604224926420, "s": "ETHBTC", "a": 178115016, "p": "0.02820300", "q": "4.40200000", "f": 199142678, "l": 199142678, "T": 1604224926419, "m": true, "M": true}, {"e": "aggTrade", "E": 1604224926570, "s": "ETHBTC", "a": 178115017, "p": "0.02820300", "q": "2.85000000", "f": 199142679, "l": 199142679, "T": 1604224926568, "m": true, "M": true}, {"e": "aggTrade", "E": 1604224928286, "s": "ETHBTC", "a": 178115018, "p": "0.02820100", "q": "0.02200000", "f": 199142680, "l": 199142680, "T": 1604224928284, "m": true, "M": true}, {"e": "aggTrade", "E": 1604224928286, "s": "ETHBTC", "a": 178115019, "p": "0.02820000", "q": "0.02400000", "f": 199142681, "l": 199142681, "T": 1604224928284, "m": true, "M": true}, {"e": "aggTrade", "E": 1604224929681, "s": "ETHBTC", "a": 178115020, "p": "0.02819800", "q": "6.00000000", "f": 199142682, "l": 199142682, "T": 1604224929680, "m": false, "M": true}, {"e": "aggTrade", "E": 1604224929980, "s": "ETHBTC", "a": 178115021, "p": "0.02819700", "q": "3.39300000", "f": 199142683, "l": 199142683, "T": 1604224929979, "m": false, "M": true}, {"e": "aggTrade", "E": 1604224930312, "s": "ETHBTC", "a": 178115022, "p": "0.02819700", "q": "3.00000000", "f": 199142684, "l": 199142684, "T": 1604224930311, "m": false, "M": true}, {"e": "aggTrade", "E": 1604224930404, "s": "ETHBTC", "a": 178115023, "p": "0.02819800", "q": "3.00400000", "f": 199142685, "l": 199142686, "T": 1604224930403, "m": false, "M": true}, {"e": "aggTrade", "E": 1604224930637, "s": "ETHBTC", "a": 178115024, "p": "0.02819900", "q": "5.21400000", "f": 199142687, "l": 199142687, "T": 1604224930634, "m": true, "M": true}, {"e": "aggTrade", "E": 1604224930718, "s": "ETHBTC", "a": 178115025, "p": "0.02819600", "q": "0.02900000", "f": 199142688, "l": 199142688, "T": 1604224930717, "m": true, "M": true}, {"e": "aggTrade", "E": 1604224930923, "s": "ETHBTC", "a": 178115026, "p": "0.02819900", "q": "1.00000000", "f": 199142689, "l": 199142689, "T": 1604224930922, "m": false, "M": true}, {"e": "aggTrade", "E": 1604224931147, "s": "ETHBTC", "a": 178115027, "p": "0.02819500", "q": "0.28600000", "f": 199142690, "l": 199142690, "T": 1604224931145, "m": true, "M": true}, {"e": "aggTrade", "E": 1604224931266, "s": "ETHBTC", "a": 178115028, "p": "0.02819500", "q": "0.10400000", "f": 199142691, "l": 199142691, "T": 1604224931264, "m": true, "M": true}, {"e": "aggTrade", "E": 1604224931902, "s": "ETHBTC", "a": 178115029, "p": "0.02819700", "q": "0.07100000", "f": 199142692, "l": 199142692, "T": 1604224931901, "m": true, "M": true}, {"e": "aggTrade", "E": 1604224932664, "s": "ETHBTC", "a": 178115030, "p": "0.02819400", "q": "0.35400000", "f": 199142693, "l": 199142693, "T": 1604224932662, "m": true, "M": true}, {"e": "aggTrade", "E": 1604224934592, "s": "ETHBTC", "a": 178115031, "p": "0.02819500", "q": "0.19600000", "f": 199142694, "l": 199142694, "T": 1604224934591, "m": true, "M": true}, {"e": "aggTrade", "E": 1604224938588, "s": "ETHBTC", "a": 178115032, "p": "0.02819700", "q": "5.00000000", "f": 199142695, "l": 199142695, "T": 1604224938586, "m": false, "M": true}, {"e": "aggTrade", "E": 1604224938686, "s": "ETHBTC", "a": 178115033, "p": "0.02819800", "q": "0.15400000", "f": 199142696, "l": 199142696, "T": 1604224938684, "m": false, "M": true}, {"e": "aggTrade", "E": 1604224939333, "s": "ETHBTC", "a": 178115034, "p": "0.02820100", "q": "0.47500000", "f": 199142697, "l": 199142698, "T": 1604224939331, "m": false, "M": true}, {"e": "aggTrade", "E": 1604224940717, "s": "ETHBTC", "a": 178115035, "p": "0.02820600", "q": "6.00000000", "f": 199142699, "l": 199142699, "T": 1604224940716, "m": true, "M": true}, {"e": "aggTrade", "E": 1604224941753, "s": "ETHBTC", "a": 178115036, "p": "0.02820400", "q": "0.17800000", "f": 199142700, "l": 199142700, "T": 1604224941751, "m": true, "M": true}, {"e": "aggTrade", "E": 1604224946982, "s": "ETHBTC", "a": 178115037, "p": "0.02820600", "q": "0.23100000", "f": 199142701, "l": 199142701, "T": 1604224946981, "m": true, "M": true}, {"e": "aggTrade", "E": 1604224948785, "s": "ETHBTC", "a": 178115038, "p": "0.02820100", "q": "0.02000000", "f": 199142702, "l": 199142702, "T": 1604224948783, "m": false, "M": true}, {"e": "aggTrade", "E": 1604224948786, "s": "ETHBTC", "a": 178115039, "p": "0.02820100", "q": "17.19300000", "f": 199142703, "l": 199142704, "T": 1604224948785, "m": false, "M": true}, {"e": "aggTrade", "E": 1604224949556, "s": "ETHBTC", "a": 178115040, "p": "0.02820500", "q": "0.63800000", "f": 199142705, "l": 199142705, "T": 1604224949554, "m": true, "M": true}, {"e": "aggTrade", "E": 1604224949852, "s": "ETHBTC", "a": 178115041, "p": "0.02820600", "q": "0.85100000", "f": 199142706, "l": 199142706, "T": 1604224949850, "m": false, "M": true}, {"e": "aggTrade", "E": 1604224949957, "s": "ETHBTC", "a": 178115042, "p": "0.02820600", "q": "3.00000000", "f": 199142707, "l": 199142707, "T": 1604224949956, "m": false, "M": true}, {"e": "aggTrade", "E": 1604224956188, "s": "ETHBTC", "a": 178115043, "p": "0.02820000", "q": "0.63700000", "f": 199142708, "l": 199142708, "T": 1604224956187, "m": true, "M": true}, {"e": "aggTrade", "E": 1604224956420, "s": "ETHBTC", "a": 178115044, "p": "0.02820200", "q": "0.35400000", "f": 199142709, "l": 199142709, "T": 1604224956418, "m": false, "M": true}, {"e": "aggTrade", "E": 1604224958180, "s": "ETHBTC", "a": 178115045, "p": "0.02820100", "q": "0.29600000", "f": 199142710, "l": 199142710, "T": 1604224958178, "m": false, "M": true}, {"e": "aggTrade", "E": 1604224958180, "s": "ETHBTC", "a": 178115046, "p": "0.02820200", "q": "2.00800000", "f": 199142711, "l": 199142712, "T": 1604224958178, "m": false, "M": true}, {"e": "aggTrade", "E": 1604224958180, "s": "ETHBTC", "a": 178115047, "p": "0.02820300", "q": "3.02600000", "f": 199142713, "l": 199142713, "T": 1604224958178, "m": false, "M": true}, {"e": "aggTrade", "E": 1604224958331, "s": "ETHBTC", "a": 178115048, "p": "0.02819800", "q": "0.00400000", "f": 199142714, "l": 199142714, "T": 1604224958330, "m": false, "M": true}, {"e": "aggTrade", "E": 1604224958677, "s": "ETHBTC", "a": 178115049, "p": "0.02819700", "q": "6.00000000", "f": 199142715, "l": 199142715, "T": 1604224958675, "m": true, "M": true}, {"e": "aggTrade", "E": 1604224959923, "s": "ETHBTC", "a": 178115050, "p": "0.02819800", "q": "0.39500000", "f": 199142716, "l": 199142716, "T": 1604224959922, "m": true, "M": true}, {"e": "aggTrade", "E": 1604224960571, "s": "ETHBTC", "a": 178115051, "p": "0.02819800", "q": "2.65500000", "f": 199142717, "l": 199142717, "T": 1604224960570, "m": true, "M": true}, {"e": "aggTrade", "E": 1604224967977, "s": "ETHBTC", "a": 178115052, "p": "0.02820400", "q": "5.14900000", "f": 199142718, "l": 199142718, "T": 1604224967976, "m": true, "M": true}, {"e": "aggTrade", "E": 1604224968057, "s": "ETHBTC", "a": 178115053, "p": "0.02820300", "q": "0.18300000", "f": 199142719, "l": 199142719, "T": 1604224968056, "m": true, "M": true}, {"e": "aggTrade", "E": 1604224968326, "s": "ETHBTC", "a": 178115054, "p": "0.02819800", "q": "0.80000000", "f": 199142720, "l": 199142720, "T": 1604224968325, "m": true, "M": true}, {"e": "aggTrade", "E": 1604224973441, "s": "ETHBTC", "a": 178115055, "p": "0.02820400", "q": "0.08800000", "f": 199142721, "l": 199142721, "T": 1604224973440, "m": true, "M": true}, {"e": "aggTrade", "E": 1604224974059, "s": "ETHBTC", "a": 178115056, "p": "0.02820400", "q": "5.44700000", "f": 199142722, "l": 199142722, "T": 1604224974058, "m": true, "M": true}, {"e": "aggTrade", "E": 1604224974291, "s": "ETHBTC", "a": 178115057, "p": "0.02820300", "q": "0.16500000", "f": 199142723, "l": 199142723, "T": 1604224974289, "m": true, "M": true}, {"e": "aggTrade", "E": 1604224974386, "s": "ETHBTC", "a": 178115058, "p": "0.02820300", "q": "4.52300000", "f": 199142724, "l": 199142724, "T": 1604224974385, "m": true, "M": true}, {"e": "aggTrade", "E": 1604224974800, "s": "ETHBTC", "a": 178115059, "p": "0.02820200", "q": "2.99900000", "f": 199142725, "l": 199142725, "T": 1604224974798, "m": true, "M": true}, {"e": "aggTrade", "E": 1604224974905, "s": "ETHBTC", "a": 178115060, "p": "0.02820100", "q": "2.99900000", "f": 199142726, "l": 199142726, "T": 1604224974903, "m": true, "M": true}, {"e": "aggTrade", "E": 1604224975220, "s": "ETHBTC", "a": 178115061, "p": "0.02820100", "q": "0.20500000", "f": 199142727, "l": 199142728, "T": 1604224975219, "m": true, "M": true}, {"e": "aggTrade", "E": 1604224976559, "s": "ETHBTC", "a": 178115062, "p": "0.02820200", "q": "2.14100000", "f": 199142729, "l": 199142729, "T": 1604224976558, "m": true, "M": true}, {"e": "aggTrade", "E": 1604224979708, "s": "ETHBTC", "a": 178115063, "p": "0.02820800", "q": "5.07900000", "f": 199142730, "l": 199142730, "T": 1604224979707, "m": false, "M": true}, {"e": "aggTrade", "E": 1604224982026, "s": "ETHBTC", "a": 178115064, "p": "0.02820900", "q": "0.12900000", "f": 199142731, "l": 199142731, "T": 1604224982025, "m": false, "M": true}, {"e": "aggTrade", "E": 1604224982771, "s": "ETHBTC", "a": 178115065, "p": "0.02820900", "q": "4.00000000", "f": 199142732, "l": 199142732, "T": 1604224982769, "m": false, "M": true}, {"e": "aggTrade", "E": 1604224983103, "s": "ETHBTC", "a": 178115066, "p": "0.02820900", "q": "16.05400000", "f": 199142733, "l": 199142733, "T": 1604224983101, "m": false, "M": true}, {"e": "aggTrade", "E": 1604224985209, "s": "ETHBTC", "a": 178115067, "p": "0.02820500", "q": "4.44800000", "f": 199142734, "l": 199142734, "T": 1604224985208, "m": false, "M": true}, {"e": "aggTrade", "E": 1604224987353, "s": "ETHBTC", "a": 178115068, "p": "0.02820800", "q": "1.91600000", "f": 199142735, "l": 199142735, "T": 1604224987351, "m": true, "M": true}, {"e": "aggTrade", "E": 1604224987601, "s": "ETHBTC", "a": 178115069, "p": "0.02821000", "q": "0.63800000", "f": 199142736, "l": 199142736, "T": 1604224987600, "m": true, "M": true}, {"e": "aggTrade", "E": 1604224988391, "s": "ETHBTC", "a": 178115070, "p": "0.02821000", "q": "0.39100000", "f": 199142737, "l": 199142737, "T": 1604224988390, "m": true, "M": true}, {"e": "aggTrade", "E": 1604224988616, "s": "ETHBTC", "a": 178115071, "p": "0.02821000", "q": "0.15100000", "f": 199142738, "l": 199142738, "T": 1604224988614, "m": true, "M": true}, {"e": "aggTrade", "E": 1604224989618, "s": "ETHBTC", "a": 178115072, "p": "0.02820500", "q": "1.01500000", "f": 199142739, "l": 199142739, "T": 1604224989617, "m": false, "M": true}, {"e": "aggTrade", "E": 1604224990290, "s": "ETHBTC", "a": 178115073, "p": "0.02821000", "q": "5.00000000", "f": 199142740, "l": 199142740, "T": 1604224990288, "m": false, "M": true}, {"e": "aggTrade", "E": 1604224990312, "s": "ETHBTC", "a": 178115074, "p": "0.02820900", "q": "0.20900000", "f": 199142741, "l": 199142741, "T": 1604224990310, "m": true, "M": true}, {"e": "aggTrade", "E": 1604224991760, "s": "ETHBTC", "a": 178115075, "p": "0.02820400", "q": "0.13300000", "f": 199142742, "l": 199142742, "T": 1604224991758, "m": false, "M": true}, {"e": "aggTrade", "E": 1604224993342, "s": "ETHBTC", "a": 178115076, "p": "0.02820500", "q": "0.23000000", "f": 199142743, "l": 199142743, "T": 1604224993341, "m": false, "M": true}, {"e": "aggTrade", "E": 1604224993866, "s": "ETHBTC", "a": 178115077, "p": "0.02820400", "q": "0.31900000", "f": 199142744, "l": 199142745, "T": 1604224993865, "m": false, "M": true}, {"e": "aggTrade", "E": 1604225001311, "s": "ETHBTC", "a": 178115078, "p": "0.02820400", "q": "0.05000000", "f": 199142746, "l": 199142746, "T": 1604225001310, "m": false, "M": true}, {"e": "aggTrade", "E": 1604225001751, "s": "ETHBTC", "a": 178115079, "p": "0.02820000", "q": "0.18200000", "f": 199142747, "l": 199142747, "T": 1604225001750, "m": true, "M": true}, {"e": "aggTrade", "E": 1604225004026, "s": "ETHBTC", "a": 178115080, "p": "0.02820300", "q": "3.00000000", "f": 199142748, "l": 199142748, "T": 1604225004025, "m": true, "M": true}, {"e": "aggTrade", "E": 1604225004362, "s": "ETHBTC", "a": 178115081, "p": "0.02820500", "q": "0.21400000", "f": 199142749, "l": 199142749, "T": 1604225004361, "m": false, "M": true}, {"e": "aggTrade", "E": 1604225004362, "s": "ETHBTC", "a": 178115082, "p": "0.02820700", "q": "0.18200000", "f": 199142750, "l": 199142750, "T": 1604225004361, "m": false, "M": true}, {"e": "aggTrade", "E": 1604225004417, "s": "ETHBTC", "a": 178115083, "p": "0.02820700", "q": "0.63100000", "f": 199142751, "l": 199142751, "T": 1604225004415, "m": true, "M": true}, {"e": "aggTrade", "E": 1604225007904, "s": "ETHBTC", "a": 178115084, "p": "0.02819600", "q": "0.25800000", "f": 199142752, "l": 199142752, "T": 1604225007902, "m": true, "M": true}, {"e": "aggTrade", "E": 1604225007904, "s": "ETHBTC", "a": 178115085, "p": "0.02819400", "q": "14.36300000", "f": 199142753, "l": 199142754, "T": 1604225007902, "m": true, "M": true}, {"e": "aggTrade", "E": 1604225012649, "s": "ETHBTC", "a": 178115086, "p": "0.02820000", "q": "14.66100000", "f": 199142755, "l": 199142755, "T": 1604225012647, "m": false, "M": true}, {"e": "aggTrade", "E": 1604225017809, "s": "ETHBTC", "a": 178115087, "p": "0.02820400", "q": "11.00000000", "f": 199142756, "l": 199142756, "T": 1604225017808, "m": false, "M": true}, {"e": "aggTrade", "E": 1604225019254, "s": "ETHBTC", "a": 178115088, "p": "0.02820500", "q": "0.07000000", "f": 199142757, "l": 199142757, "T": 1604225019253, "m": false, "M": true}, {"e": "aggTrade", "E": 1604225022361, "s": "ETHBTC", "a": 178115089, "p": "0.02820400", "q": "0.30400000", "f": 199142758, "l": 199142758, "T": 1604225022360, "m": false, "M": true}, {"e": "aggTrade", "E": 1604225037101, "s": "ETHBTC", "a": 178115090, "p": "0.02820300", "q": "0.09100000", "f": 199142759, "l": 199142759, "T": 1604225037100, "m": false, "M": true}, {"e": "aggTrade", "E": 1604225041836, "s": "ETHBTC", "a": 178115091, "p": "0.02819600", "q": "1.00000000", "f": 199142760, "l": 199142760, "T": 1604225041835, "m": false, "M": true}, {"e": "aggTrade", "E": 1604225041836, "s": "ETHBTC", "a": 178115092, "p": "0.02819800", "q": "1.90400000", "f": 199142761, "l": 199142761, "T": 1604225041835, "m": false, "M": true}, {"e": "aggTrade", "E": 1604225044328, "s": "ETHBTC", "a": 178115093, "p": "0.02819600", "q": "0.09000000", "f": 199142762, "l": 199142762, "T": 1604225044326, "m": true, "M": true}, {"e": "aggTrade", "E": 1604225044348, "s": "ETHBTC", "a": 178115094, "p": "0.02819600", "q": "0.01400000", "f": 199142763, "l": 199142763, "T": 1604225044347, "m": true, "M": true}, {"e": "aggTrade", "E": 1604225046809, "s": "ETHBTC", "a": 178115095, "p": "0.02819500", "q": "0.25400000", "f": 199142764, "l": 199142764, "T": 1604225046808, "m": true, "M": true}, {"e": "aggTrade", "E": 1604225048192, "s": "ETHBTC", "a": 178115096, "p": "0.02819800", "q": "0.00700000", "f": 199142765, "l": 199142765, "T": 1604225048191, "m": false, "M": true}, {"e": "aggTrade", "E": 1604225051075, "s": "ETHBTC", "a": 178115097, "p": "0.02819600", "q": "0.25200000", "f": 199142766, "l": 199142766, "T": 1604225051073, "m": false, "M": true}, {"e": "aggTrade", "E": 1604225051181, "s": "ETHBTC", "a": 178115098, "p": "0.02819600", "q": "19.42900000", "f": 199142767, "l": 199142767, "T": 1604225051179, "m": false, "M": true}, {"e": "aggTrade", "E": 1604225051501, "s": "ETHBTC", "a": 178115099, "p": "0.02819600", "q": "0.14200000", "f": 199142768, "l": 199142768, "T": 1604225051499, "m": false, "M": true}, {"e": "aggTrade", "E": 1604225054367, "s": "ETHBTC", "a": 178115100, "p": "0.02819600", "q": "0.22100000", "f": 199142769, "l": 199142769, "T": 1604225054366, "m": true, "M": true}, {"e": "aggTrade", "E": 1604225057393, "s": "ETHBTC", "a": 178115101, "p": "0.02819000", "q": "6.00000000", "f": 199142770, "l": 199142770, "T": 1604225057392, "m": false, "M": true}, {"e": "aggTrade", "E": 1604225057597, "s": "ETHBTC", "a": 178115102, "p": "0.02819000", "q": "4.54000000", "f": 199142771, "l": 199142771, "T": 1604225057596, "m": false, "M": true}, {"e": "aggTrade", "E": 1604225059597, "s": "ETHBTC", "a": 178115103, "p": "0.02819100", "q": "3.00000000", "f": 199142772, "l": 199142772, "T": 1604225059596, "m": false, "M": true}, {"e": "aggTrade", "E": 1604225060652, "s": "ETHBTC", "a": 178115104, "p": "0.02819300", "q": "0.22100000", "f": 199142773, "l": 199142773, "T": 1604225060651, "m": false, "M": true}, {"e": "aggTrade", "E": 1604225061097, "s": "ETHBTC", "a": 178115105, "p": "0.02819800", "q": "2.30000000", "f": 199142774, "l": 199142774, "T": 1604225061096, "m": true, "M": true}, {"e": "aggTrade", "E": 1604225061753, "s": "ETHBTC", "a": 178115106, "p": "0.02819800", "q": "0.18700000", "f": 199142775, "l": 199142775, "T": 1604225061752, "m": true, "M": true}, {"e": "aggTrade", "E": 1604225062327, "s": "ETHBTC", "a": 178115107, "p": "0.02819600", "q": "5.00000000", "f": 199142776, "l": 199142776, "T": 1604225062326, "m": true, "M": true}, {"e": "aggTrade", "E": 1604225072595, "s": "ETHBTC", "a": 178115108, "p": "0.02819300", "q": "0.82600000", "f": 199142777, "l": 199142777, "T": 1604225072594, "m": true, "M": true}, {"e": "aggTrade", "E": 1604225073129, "s": "ETHBTC", "a": 178115109, "p": "0.02819100", "q": "6.39800000", "f": 199142778, "l": 199142779, "T": 1604225073127, "m": true, "M": true}, {"e": "aggTrade", "E": 1604225073129, "s": "ETHBTC", "a": 178115110, "p": "0.02818900", "q": "1.12600000", "f": 199142780, "l": 199142781, "T": 1604225073127, "m": true, "M": true}, {"e": "aggTrade", "E": 1604225073129, "s": "ETHBTC", "a": 178115111, "p": "0.02818400", "q": "0.55700000", "f": 199142782, "l": 199142783, "T": 1604225073127, "m": true, "M": true}, {"e": "aggTrade", "E": 1604225075973, "s": "ETHBTC", "a": 178115112, "p": "0.02818200", "q": "0.00800000", "f": 199142784, "l": 199142784, "T": 1604225075971, "m": true, "M": true}, {"e": "aggTrade", "E": 1604225075973, "s": "ETHBTC", "a": 178115113, "p": "0.02818100", "q": "0.10400000", "f": 199142785, "l": 199142785, "T": 1604225075971, "m": true, "M": true}, {"e": "aggTrade", "E": 1604225075973, "s": "ETHBTC", "a": 178115114, "p": "0.02818000", "q": "2.88800000", "f": 199142786, "l": 199142786, "T": 1604225075971, "m": true, "M": true}, {"e": "aggTrade", "E": 1604225078802, "s": "ETHBTC", "a": 178115115, "p": "0.02818700", "q": "0.10600000", "f": 199142787, "l": 199142787, "T": 1604225078801, "m": true, "M": true}, {"e": "aggTrade", "E": 1604225079312, "s": "ETHBTC", "a": 178115116, "p": "0.02818600", "q": "0.33300000", "f": 199142788, "l": 199142788, "T": 1604225079310, "m": false, "M": true}, {"e": "aggTrade", "E": 1604225081141, "s": "ETHBTC", "a": 178115117, "p": "0.02819100", "q": "2.10500000", "f": 199142789, "l": 199142789, "T": 1604225081139, "m": true, "M": true}, {"e": "aggTrade", "E": 1604225084118, "s": "ETHBTC", "a": 178115118, "p": "0.02819100", "q": "0.89500000", "f": 199142790, "l": 199142790, "T": 1604225084116, "m": true, "M": true}, {"e": "aggTrade", "E": 1604225085586, "s": "ETHBTC", "a": 178115119, "p": "0.02818900", "q": "16.50600000", "f": 199142791, "l": 199142792, "T": 1604225085585, "m": true, "M": true}, {"e": "aggTrade", "E": 1604225085739, "s": "ETHBTC", "a": 178115120, "p": "0.02818900", "q": "7.84800000", "f": 199142793, "l": 199142793, "T": 1604225085737, "m": true, "M": true}, {"e": "aggTrade", "E": 1604225090435, "s": "ETHBTC", "a": 178115121, "p": "0.02818900", "q": "0.12100000", "f": 199142794, "l": 199142794, "T": 1604225090434, "m": true, "M": true}, {"e": "aggTrade", "E": 1604225092374, "s": "ETHBTC", "a": 178115122, "p": "0.02818900", "q": "0.99300000", "f": 199142795, "l": 199142795, "T": 1604225092373, "m": true, "M": true}, {"e": "aggTrade", "E": 1604225092504, "s": "ETHBTC", "a": 178115123, "p": "0.02819100", "q": "5.41400000", "f": 199142796, "l": 199142796, "T": 1604225092502, "m": false, "M": true}, {"e": "aggTrade", "E": 1604225100858, "s": "ETHBTC", "a": 178115124, "p": "0.02818800", "q": "0.00800000", "f": 199142797, "l": 199142797, "T": 1604225100856, "m": false, "M": true}, {"e": "aggTrade", "E": 1604225105209, "s": "ETHBTC", "a": 178115125, "p": "0.02818700", "q": "2.38200000", "f": 199142798, "l": 199142798, "T": 1604225105207, "m": false, "M": true}, {"e": "aggTrade", "E": 1604225107106, "s": "ETHBTC", "a": 178115126, "p": "0.02818500", "q": "4.21300000", "f": 199142799, "l": 199142799, "T": 1604225107104, "m": false, "M": true}, {"e": "aggTrade", "E": 1604225107634, "s": "ETHBTC", "a": 178115127, "p": "0.02818500", "q": "5.00000000", "f": 199142800, "l": 199142801, "T": 1604225107633, "m": false, "M": true}, {"e": "aggTrade", "E": 1604225111019, "s": "ETHBTC", "a": 178115128, "p": "0.02819500", "q": "0.34700000", "f": 199142802, "l": 199142802, "T": 1604225111018, "m": false, "M": true}, {"e": "aggTrade", "E": 1604225111063, "s": "ETHBTC", "a": 178115129, "p": "0.02819400", "q": "0.49600000", "f": 199142803, "l": 199142803, "T": 1604225111062, "m": true, "M": true}, {"e": "aggTrade", "E": 1604225111891, "s": "ETHBTC", "a": 178115130, "p": "0.02819500", "q": "0.15200000", "f": 199142804, "l": 199142804, "T": 1604225111889, "m": false, "M": true}, {"e": "aggTrade", "E": 1604225120231, "s": "ETHBTC", "a": 178115131, "p": "0.02819600", "q": "2.50000000", "f": 199142805, "l": 199142805, "T": 1604225120230, "m": true, "M": true}, {"e": "aggTrade", "E": 1604225121647, "s": "ETHBTC", "a": 178115132, "p": "0.02819500", "q": "0.01000000", "f": 199142806, "l": 199142806, "T": 1604225121646, "m": true, "M": true}, {"e": "aggTrade", "E": 1604225121890, "s": "ETHBTC", "a": 178115133, "p": "0.02819600", "q": "0.02000000", "f": 199142807, "l": 199142807, "T": 1604225121889, "m": false, "M": true}, {"e": "aggTrade", "E": 1604225124193, "s": "ETHBTC", "a": 178115134, "p": "0.02819600", "q": "0.09200000", "f": 199142808, "l": 199142808, "T": 1604225124192, "m": false, "M": true}, {"e": "aggTrade", "E": 1604225127278, "s": "ETHBTC", "a": 178115135, "p": "0.02819700", "q": "0.22400000", "f": 199142809, "l": 199142809, "T": 1604225127276, "m": true, "M": true}, {"e": "aggTrade", "E": 1604225127856, "s": "ETHBTC", "a": 178115136, "p": "0.02819800", "q": "0.31000000", "f": 199142810, "l": 199142815, "T": 1604225127855, "m": false, "M": true}, {"e": "aggTrade", "E": 1604225136792, "s": "ETHBTC", "a": 178115137, "p": "0.02819700", "q": "0.13600000", "f": 199142816, "l": 199142816, "T": 1604225136790, "m": false, "M": true}, {"e": "aggTrade", "E": 1604225138063, "s": "ETHBTC", "a": 178115138, "p": "0.02819600", "q": "0.01100000", "f": 199142817, "l": 199142817, "T": 1604225138062, "m": true, "M": true}, {"e": "aggTrade", "E": 1604225138174, "s": "ETHBTC", "a": 178115139, "p": "0.02819500", "q": "0.11700000", "f": 199142818, "l": 199142818, "T": 1604225138172, "m": true, "M": true}, {"e": "aggTrade", "E": 1604225138303, "s": "ETHBTC", "a": 178115140, "p": "0.02819500", "q": "0.75900000", "f": 199142819, "l": 199142819, "T": 1604225138302, "m": true, "M": true}, {"e": "aggTrade", "E": 1604225139231, "s": "ETHBTC", "a": 178115141, "p": "0.02819500", "q": "0.15000000", "f": 199142820, "l": 199142821, "T": 1604225139230, "m": true, "M": true}, {"e": "aggTrade", "E": 1604225139336, "s": "ETHBTC", "a": 178115142, "p": "0.02819500", "q": "3.73800000", "f": 199142822, "l": 199142823, "T": 1604225139334, "m": true, "M": true}, {"e": "aggTrade", "E": 1604225139432, "s": "ETHBTC", "a": 178115143, "p": "0.02819500", "q": "1.70900000", "f": 199142824, "l": 199142825, "T": 1604225139431, "m": true, "M": true}, {"e": "aggTrade", "E": 1604225139541, "s": "ETHBTC", "a": 178115144, "p": "0.02819500", "q": "0.73500000", "f": 199142826, "l": 199142826, "T": 1604225139539, "m": true, "M": true}, {"e": "aggTrade", "E": 1604225140028, "s": "ETHBTC", "a": 178115145, "p": "0.02819600", "q": "0.00900000", "f": 199142827, "l": 199142827, "T": 1604225140027, "m": false, "M": true}, {"e": "aggTrade", "E": 1604225140916, "s": "ETHBTC", "a": 178115146, "p": "0.02819500", "q": "0.09300000", "f": 199142828, "l": 199142828, "T": 1604225140915, "m": true, "M": true}, {"e": "aggTrade", "E": 1604225140973, "s": "ETHBTC", "a": 178115147, "p": "0.02819500", "q": "0.36800000", "f": 199142829, "l": 199142829, "T": 1604225140972, "m": true, "M": true}, {"e": "aggTrade", "E": 1604225148881, "s": "ETHBTC", "a": 178115148, "p": "0.02820000", "q": "0.05500000", "f": 199142830, "l": 199142830, "T": 1604225148879, "m": false, "M": true}, {"e": "aggTrade", "E": 1604225148981, "s": "ETHBTC", "a": 178115149, "p": "0.02820400", "q": "0.26900000", "f": 199142831, "l": 199142831, "T": 1604225148980, "m": false, "M": true}, {"e": "aggTrade", "E": 1604225151687, "s": "ETHBTC", "a": 178115150, "p": "0.02820300", "q": "0.09400000", "f": 199142832, "l": 199142832, "T": 1604225151686, "m": true, "M": true}, {"e": "aggTrade", "E": 1604225151787, "s": "ETHBTC", "a": 178115151, "p": "0.02820300", "q": "0.02900000", "f": 199142833, "l": 199142833, "T": 1604225151786, "m": true, "M": true}, {"e": "aggTrade", "E": 1604225153909, "s": "ETHBTC", "a": 178115152, "p": "0.02820000", "q": "0.06100000", "f": 199142834, "l": 199142834, "T": 1604225153908, "m": false, "M": true}, {"e": "aggTrade", "E": 1604225157691, "s": "ETHBTC", "a": 178115153, "p": "0.02820100", "q": "0.52600000", "f": 199142835, "l": 199142835, "T": 1604225157689, "m": false, "M": true}, {"e": "aggTrade", "E": 1604225158750, "s": "ETHBTC", "a": 178115154, "p": "0.02820200", "q": "0.63800000", "f": 199142836, "l": 199142836, "T": 1604225158748, "m": true, "M": true}, {"e": "aggTrade", "E": 1604225169838, "s": "ETHBTC", "a": 178115155, "p": "0.02820400", "q": "0.38500000", "f": 199142837, "l": 199142837, "T": 1604225169837, "m": false, "M": true}, {"e": "aggTrade", "E": 1604225171152, "s": "ETHBTC", "a": 178115156, "p": "0.02819700", "q": "1.08300000", "f": 199142838, "l": 199142838, "T": 1604225171150, "m": false, "M": true}, {"e": "aggTrade", "E": 1604225172941, "s": "ETHBTC", "a": 178115157, "p": "0.02819700", "q": "0.45700000", "f": 199142839, "l": 199142839, "T": 1604225172939, "m": false, "M": true}, {"e": "aggTrade", "E": 1604225173942, "s": "ETHBTC", "a": 178115158, "p": "0.02819500", "q": "0.10500000", "f": 199142840, "l": 199142840, "T": 1604225173940, "m": false, "M": true}, {"e": "aggTrade", "E": 1604225177582, "s": "ETHBTC", "a": 178115159, "p": "0.02819500", "q": "5.97600000", "f": 199142841, "l": 199142842, "T": 1604225177580, "m": false, "M": true}, {"e": "aggTrade", "E": 1604225181754, "s": "ETHBTC", "a": 178115160, "p": "0.02819500", "q": "0.19600000", "f": 199142843, "l": 199142843, "T": 1604225181753, "m": true, "M": true}, {"e": "aggTrade", "E": 1604225199541, "s": "ETHBTC", "a": 178115161, "p": "0.02819900", "q": "17.28700000", "f": 199142844, "l": 199142844, "T": 1604225199540, "m": false, "M": true}, {"e": "aggTrade", "E": 1604225199643, "s": "ETHBTC", "a": 178115162, "p": "0.02819900", "q": "12.71300000", "f": 199142845, "l": 199142845, "T": 1604225199642, "m": false, "M": true}, {"e": "aggTrade", "E": 1604225199761, "s": "ETHBTC", "a": 178115163, "p": "0.02819900", "q": "11.78700000", "f": 199142846, "l": 199142846, "T": 1604225199759, "m": false, "M": true}, {"e": "aggTrade", "E": 1604225200082, "s": "ETHBTC", "a": 178115164, "p": "0.02819800", "q": "17.88900000", "f": 199142847, "l": 199142847, "T": 1604225200081, "m": false, "M": true}, {"e": "aggTrade", "E": 1604225200262, "s": "ETHBTC", "a": 178115165, "p": "0.02819800", "q": "3.00000000", "f": 199142848, "l": 199142848, "T": 1604225200261, "m": false, "M": true}, {"e": "aggTrade", "E": 1604225200403, "s": "ETHBTC", "a": 178115166, "p": "0.02819800", "q": "5.29900000", "f": 199142849, "l": 199142849, "T": 1604225200402, "m": false, "M": true}, {"e": "aggTrade", "E": 1604225200717, "s": "ETHBTC", "a": 178115167, "p": "0.02820200", "q": "8.08400000", "f": 199142850, "l": 199142851, "T": 1604225200716, "m": false, "M": true}, {"e": "aggTrade", "E": 1604225202011, "s": "ETHBTC", "a": 178115168, "p": "0.02820100", "q": "3.51900000", "f": 199142852, "l": 199142852, "T": 1604225202009, "m": true, "M": true}, {"e": "aggTrade", "E": 1604225202318, "s": "ETHBTC", "a": 178115169, "p": "0.02820100", "q": "1.41800000", "f": 199142853, "l": 199142853, "T": 1604225202317, "m": true, "M": true}, {"e": "aggTrade", "E": 1604225202959, "s": "ETHBTC", "a": 178115170, "p": "0.02820000", "q": "0.47100000", "f": 199142854, "l": 199142854, "T": 1604225202958, "m": true, "M": true}, {"e": "aggTrade", "E": 1604225204424, "s": "ETHBTC", "a": 178115171, "p": "0.02819800", "q": "0.55600000", "f": 199142855, "l": 199142855, "T": 1604225204423, "m": false, "M": true}, {"e": "aggTrade", "E": 1604225205377, "s": "ETHBTC", "a": 178115172, "p": "0.02819500", "q": "1.44200000", "f": 199142856, "l": 199142856, "T": 1604225205375, "m": true, "M": true}, {"e": "aggTrade", "E": 1604225207044, "s": "ETHBTC", "a": 178115173, "p": "0.02819800", "q": "0.59900000", "f": 199142857, "l": 199142857, "T": 1604225207043, "m": false, "M": true}, {"e": "aggTrade", "E": 1604225207863, "s": "ETHBTC", "a": 178115174, "p": "0.02819700", "q": "0.18100000", "f": 199142858, "l": 199142858, "T": 1604225207862, "m": false, "M": true}, {"e": "aggTrade", "E": 1604225210414, "s": "ETHBTC", "a": 178115175, "p": "0.02819600", "q": "5.00000000", "f": 199142859, "l": 199142859, "T": 1604225210412, "m": false, "M": true}, {"e": "aggTrade", "E": 1604225211281, "s": "ETHBTC", "a": 178115176, "p": "0.02819800", "q": "0.40000000", "f": 199142860, "l": 199142860, "T": 1604225211280, "m": true, "M": true}, {"e": "aggTrade", "E": 1604225212811, "s": "ETHBTC", "a": 178115177, "p": "0.02819800", "q": "0.00400000", "f": 199142861, "l": 199142861, "T": 1604225212809, "m": true, "M": true}, {"e": "aggTrade", "E": 1604225218164, "s": "ETHBTC", "a": 178115178, "p": "0.02819500", "q": "4.82400000", "f": 199142862, "l": 199142862, "T": 1604225218163, "m": false, "M": true}, {"e": "aggTrade", "E": 1604225218317, "s": "ETHBTC", "a": 178115179, "p": "0.02819500", "q": "5.32000000", "f": 199142863, "l": 199142863, "T": 1604225218316, "m": false, "M": true}, {"e": "aggTrade", "E": 1604225218458, "s": "ETHBTC", "a": 178115180, "p": "0.02819500", "q": "5.32000000", "f": 199142864, "l": 199142864, "T": 1604225218456, "m": false, "M": true}, {"e": "aggTrade", "E": 1604225218612, "s": "ETHBTC", "a": 178115181, "p": "0.02819500", "q": "0.07000000", "f": 199142865, "l": 199142865, "T": 1604225218611, "m": false, "M": true}, {"e": "aggTrade", "E": 1604225218723, "s": "ETHBTC", "a": 178115182, "p": "0.02819500", "q": "2.65300000", "f": 199142866, "l": 199142866, "T": 1604225218722, "m": false, "M": true}, {"e": "aggTrade", "E": 1604225221416, "s": "ETHBTC", "a": 178115183, "p": "0.02819800", "q": "0.00500000", "f": 199142867, "l": 199142867, "T": 1604225221415, "m": true, "M": true}, {"e": "aggTrade", "E": 1604225223596, "s": "ETHBTC", "a": 178115184, "p": "0.02819900", "q": "0.08000000", "f": 199142868, "l": 199142868, "T": 1604225223595, "m": false, "M": true}, {"e": "aggTrade", "E": 1604225223873, "s": "ETHBTC", "a": 178115185, "p": "0.02819700", "q": "6.00000000", "f": 199142869, "l": 199142869, "T": 1604225223872, "m": true, "M": true}, {"e": "aggTrade", "E": 1604225224010, "s": "ETHBTC", "a": 178115186, "p": "0.02819600", "q": "3.49000000", "f": 199142870, "l": 199142870, "T": 1604225224009, "m": true, "M": true}, {"e": "aggTrade", "E": 1604225224091, "s": "ETHBTC", "a": 178115187, "p": "0.02819500", "q": "5.00000000", "f": 199142871, "l": 199142871, "T": 1604225224090, "m": true, "M": true}, {"e": "aggTrade", "E": 1604225224299, "s": "ETHBTC", "a": 178115188, "p": "0.02819500", "q": "3.00000000", "f": 199142872, "l": 199142872, "T": 1604225224298, "m": true, "M": true}, {"e": "aggTrade", "E": 1604225230028, "s": "ETHBTC", "a": 178115189, "p": "0.02818700", "q": "0.75900000", "f": 199142873, "l": 199142873, "T": 1604225230027, "m": false, "M": true}, {"e": "aggTrade", "E": 1604225231307, "s": "ETHBTC", "a": 178115190, "p": "0.02818800", "q": "4.98700000", "f": 199142874, "l": 199142874, "T": 1604225231306, "m": false, "M": true}, {"e": "aggTrade", "E": 1604225236110, "s": "ETHBTC", "a": 178115191, "p": "0.02818700", "q": "3.00000000", "f": 199142875, "l": 199142875, "T": 1604225236109, "m": true, "M": true}, {"e": "aggTrade", "E": 1604225241686, "s": "ETHBTC", "a": 178115192, "p": "0.02818800", "q": "6.58100000", "f": 199142876, "l": 199142877, "T": 1604225241685, "m": false, "M": true}, {"e": "aggTrade", "E": 1604225241797, "s": "ETHBTC", "a": 178115193, "p": "0.02818900", "q": "18.47500000", "f": 199142878, "l": 199142878, "T": 1604225241794, "m": false, "M": true}, {"e": "aggTrade", "E": 1604225241905, "s": "ETHBTC", "a": 178115194, "p": "0.02818900", "q": "5.74600000", "f": 199142879, "l": 199142879, "T": 1604225241902, "m": false, "M": true}, {"e": "aggTrade", "E": 1604225242103, "s": "ETHBTC", "a": 178115195, "p": "0.02818900", "q": "0.67400000", "f": 199142880, "l": 199142880, "T": 1604225242102, "m": false, "M": true}, {"e": "aggTrade", "E": 1604225242201, "s": "ETHBTC", "a": 178115196, "p": "0.02818900", "q": "0.31900000", "f": 199142881, "l": 199142881, "T": 1604225242199, "m": false, "M": true}, {"e": "aggTrade", "E": 1604225242336, "s": "ETHBTC", "a": 178115197, "p": "0.02818900", "q": "2.91300000", "f": 199142882, "l": 199142882, "T": 1604225242335, "m": false, "M": true}, {"e": "aggTrade", "E": 1604225242420, "s": "ETHBTC", "a": 178115198, "p": "0.02818900", "q": "0.66400000", "f": 199142883, "l": 199142883, "T": 1604225242419, "m": false, "M": true}, {"e": "aggTrade", "E": 1604225242517, "s": "ETHBTC", "a": 178115199, "p": "0.02818900", "q": "4.33600000", "f": 199142884, "l": 199142884, "T": 1604225242516, "m": false, "M": true}, {"e": "aggTrade", "E": 1604225242686, "s": "ETHBTC", "a": 178115200, "p": "0.02818900", "q": "5.00000000", "f": 199142885, "l": 199142885, "T": 1604225242685, "m": false, "M": true}, {"e": "aggTrade", "E": 1604225242834, "s": "ETHBTC", "a": 178115201, "p": "0.02818900", "q": "0.17300000", "f": 199142886, "l": 199142886, "T": 1604225242832, "m": false, "M": true}, {"e": "aggTrade", "E": 1604225242958, "s": "ETHBTC", "a": 178115202, "p": "0.02818900", "q": "0.31900000", "f": 199142887, "l": 199142887, "T": 1604225242957, "m": false, "M": true}, {"e": "aggTrade", "E": 1604225243164, "s": "ETHBTC", "a": 178115203, "p": "0.02818700", "q": "0.07100000", "f": 199142888, "l": 199142888, "T": 1604225243163, "m": false, "M": true}, {"e": "aggTrade", "E": 1604225243392, "s": "ETHBTC", "a": 178115204, "p": "0.02818700", "q": "4.55800000", "f": 199142889, "l": 199142889, "T": 1604225243390, "m": false, "M": true}, {"e": "aggTrade", "E": 1604225243910, "s": "ETHBTC", "a": 178115205, "p": "0.02818800", "q": "1.00000000", "f": 199142890, "l": 199142890, "T": 1604225243909, "m": false, "M": true}, {"e": "aggTrade", "E": 1604225246921, "s": "ETHBTC", "a": 178115206, "p": "0.02818800", "q": "0.63800000", "f": 199142891, "l": 199142891, "T": 1604225246920, "m": false, "M": true}, {"e": "aggTrade", "E": 1604225247981, "s": "ETHBTC", "a": 178115207, "p": "0.02818700", "q": "0.39200000", "f": 199142892, "l": 199142892, "T": 1604225247979, "m": false, "M": true}, {"e": "aggTrade", "E": 1604225248043, "s": "ETHBTC", "a": 178115208, "p": "0.02818700", "q": "0.05400000", "f": 199142893, "l": 199142893, "T": 1604225248041, "m": false, "M": true}, {"e": "aggTrade", "E": 1604225248932, "s": "ETHBTC", "a": 178115209, "p": "0.02818400", "q": "5.00000000", "f": 199142894, "l": 199142894, "T": 1604225248931, "m": false, "M": true}, {"e": "aggTrade", "E": 1604225249146, "s": "ETHBTC", "a": 178115210, "p": "0.02818500", "q": "0.24100000", "f": 199142895, "l": 199142895, "T": 1604225249145, "m": false, "M": true}, {"e": "aggTrade", "E": 1604225249875, "s": "ETHBTC", "a": 178115211, "p": "0.02818200", "q": "0.66200000", "f": 199142896, "l": 199142896, "T": 1604225249873, "m": false, "M": true}, {"e": "aggTrade", "E": 1604225249989, "s": "ETHBTC", "a": 178115212, "p": "0.02818300", "q": "0.31900000", "f": 199142897, "l": 199142897, "T": 1604225249988, "m": false, "M": true}, {"e": "aggTrade", "E": 1604225250829, "s": "ETHBTC", "a": 178115213, "p": "0.02818300", "q": "0.07100000", "f": 199142898, "l": 199142898, "T": 1604225250827, "m": false, "M": true}, {"e": "aggTrade", "E": 1604225254372, "s": "ETHBTC", "a": 178115214, "p": "0.02818100", "q": "0.78500000", "f": 199142899, "l": 199142899, "T": 1604225254370, "m": true, "M": true}, {"e": "aggTrade", "E": 1604225257311, "s": "ETHBTC", "a": 178115215, "p": "0.02818100", "q": "0.00900000", "f": 199142900, "l": 199142900, "T": 1604225257310, "m": true, "M": true}, {"e": "aggTrade", "E": 1604225257346, "s": "ETHBTC", "a": 178115216, "p": "0.02818100", "q": "0.09100000", "f": 199142901, "l": 199142901, "T": 1604225257344, "m": true, "M": true}, {"e": "aggTrade", "E": 1604225258001, "s": "ETHBTC", "a": 178115217, "p": "0.02818100", "q": "2.97800000", "f": 199142902, "l": 199142902, "T": 1604225257996, "m": false, "M": true}, {"e": "aggTrade", "E": 1604225258943, "s": "ETHBTC", "a": 178115218, "p": "0.02818100", "q": "1.71800000", "f": 199142903, "l": 199142903, "T": 1604225258942, "m": false, "M": true}, {"e": "aggTrade", "E": 1604225262178, "s": "ETHBTC", "a": 178115219, "p": "0.02818300", "q": "5.42500000", "f": 199142904, "l": 199142904, "T": 1604225262177, "m": false, "M": true}, {"e": "aggTrade", "E": 1604225263728, "s": "ETHBTC", "a": 178115220, "p": "0.02818300", "q": "0.21300000", "f": 199142905, "l": 199142905, "T": 1604225263727, "m": true, "M": true}, {"e": "aggTrade", "E": 1604225274972, "s": "ETHBTC", "a": 178115221, "p": "0.02818300", "q": "0.00700000", "f": 199142906, "l": 199142906, "T": 1604225274970, "m": true, "M": true}, {"e": "aggTrade", "E": 1604225277947, "s": "ETHBTC", "a": 178115222, "p": "0.02818400", "q": "0.02000000", "f": 199142907, "l": 199142907, "T": 1604225277946, "m": false, "M": true}, {"e": "aggTrade", "E": 1604225278274, "s": "ETHBTC", "a": 178115223, "p": "0.02818800", "q": "4.42400000", "f": 199142908, "l": 199142908, "T": 1604225278272, "m": false, "M": true}, {"e": "aggTrade", "E": 1604225278383, "s": "ETHBTC", "a": 178115224, "p": "0.02819100", "q": "3.00000000", "f": 199142909, "l": 199142909, "T": 1604225278382, "m": false, "M": true}, {"e": "aggTrade", "E": 1604225279697, "s": "ETHBTC", "a": 178115225, "p": "0.02819300", "q": "0.24000000", "f": 199142910, "l": 199142910, "T": 1604225279696, "m": false, "M": true}, {"e": "aggTrade", "E": 1604225283648, "s": "ETHBTC", "a": 178115226, "p": "0.02819400", "q": "0.11000000", "f": 199142911, "l": 199142911, "T": 1604225283647, "m": true, "M": true}, {"e": "aggTrade", "E": 1604225284053, "s": "ETHBTC", "a": 178115227, "p": "0.02820100", "q": "1.77600000", "f": 199142912, "l": 199142912, "T": 1604225284051, "m": true, "M": true}, {"e": "aggTrade", "E": 1604225290226, "s": "ETHBTC", "a": 178115228, "p": "0.02819800", "q": "1.49500000", "f": 199142913, "l": 199142913, "T": 1604225290224, "m": false, "M": true}, {"e": "aggTrade", "E": 1604225290332, "s": "ETHBTC", "a": 178115229, "p": "0.02819800", "q": "0.31900000", "f": 199142914, "l": 199142914, "T": 1604225290331, "m": false, "M": true}, {"e": "aggTrade", "E": 1604225292054, "s": "ETHBTC", "a": 178115230, "p": "0.02820000", "q": "0.34200000", "f": 199142915, "l": 199142915, "T": 1604225292053, "m": true, "M": true}, {"e": "aggTrade", "E": 1604225292513, "s": "ETHBTC", "a": 178115231, "p": "0.02820000", "q": "0.02100000", "f": 199142916, "l": 199142916, "T": 1604225292512, "m": true, "M": true}, {"e": "aggTrade", "E": 1604225292591, "s": "ETHBTC", "a": 178115232, "p": "0.02820200", "q": "0.31900000", "f": 199142917, "l": 199142917, "T": 1604225292590, "m": true, "M": true}, {"e": "aggTrade", "E": 1604225293243, "s": "ETHBTC", "a": 178115233, "p": "0.02820300", "q": "0.31900000", "f": 199142918, "l": 199142918, "T": 1604225293242, "m": true, "M": true}, {"e": "aggTrade", "E": 1604225293345, "s": "ETHBTC", "a": 178115234, "p": "0.02820300", "q": "0.07100000", "f": 199142919, "l": 199142919, "T": 1604225293344, "m": true, "M": true}, {"e": "aggTrade", "E": 1604225293535, "s": "ETHBTC", "a": 178115235, "p": "0.02820300", "q": "0.07000000", "f": 199142920, "l": 199142920, "T": 1604225293534, "m": true, "M": true}, {"e": "aggTrade", "E": 1604225293750, "s": "ETHBTC", "a": 178115236, "p": "0.02820300", "q": "0.07100000", "f": 199142921, "l": 199142921, "T": 1604225293749, "m": true, "M": true}, {"e": "aggTrade", "E": 1604225293863, "s": "ETHBTC", "a": 178115237, "p": "0.02820300", "q": "0.31600000", "f": 199142922, "l": 199142922, "T": 1604225293861, "m": true, "M": true}, {"e": "aggTrade", "E": 1604225295451, "s": "ETHBTC", "a": 178115238, "p": "0.02820300", "q": "0.35500000", "f": 199142923, "l": 199142923, "T": 1604225295450, "m": true, "M": true}, {"e": "aggTrade", "E": 1604225295765, "s": "ETHBTC", "a": 178115239, "p": "0.02820300", "q": "0.31900000", "f": 199142924, "l": 199142924, "T": 1604225295763, "m": true, "M": true}, {"e": "aggTrade", "E": 1604225297202, "s": "ETHBTC", "a": 178115240, "p": "0.02819700", "q": "16.24900000", "f": 199142925, "l": 199142925, "T": 1604225297200, "m": true, "M": true}, {"e": "aggTrade", "E": 1604225298487, "s": "ETHBTC", "a": 178115241, "p": "0.02819800", "q": "0.23900000", "f": 199142926, "l": 199142926, "T": 1604225298486, "m": true, "M": true}, {"e": "aggTrade", "E": 1604225298487, "s": "ETHBTC", "a": 178115242, "p": "0.02819700", "q": "0.55000000", "f": 199142927, "l": 199142927, "T": 1604225298486, "m": true, "M": true}, {"e": "aggTrade", "E": 1604225299178, "s": "ETHBTC", "a": 178115243, "p": "0.02819700", "q": "4.00000000", "f": 199142928, "l": 199142928, "T": 1604225299177, "m": true, "M": true}, {"e": "aggTrade", "E": 1604225301752, "s": "ETHBTC", "a": 178115244, "p": "0.02819800", "q": "0.20500000", "f": 199142929, "l": 199142929, "T": 1604225301751, "m": true, "M": true}, {"e": "aggTrade", "E": 1604225306429, "s": "ETHBTC", "a": 178115245, "p": "0.02819800", "q": "0.75000000", "f": 199142930, "l": 199142930, "T": 1604225306427, "m": true, "M": true}, {"e": "aggTrade", "E": 1604225309962, "s": "ETHBTC", "a": 178115246, "p": "0.02820300", "q": "0.59100000", "f": 199142931, "l": 199142931, "T": 1604225309960, "m": true, "M": true}, {"e": "aggTrade", "E": 1604225309963, "s": "ETHBTC", "a": 178115247, "p": "0.02820300", "q": "0.30200000", "f": 199142932, "l": 199142932, "T": 1604225309962, "m": true, "M": true}, {"e": "aggTrade", "E": 1604225310079, "s": "ETHBTC", "a": 178115248, "p": "0.02820200", "q": "0.20900000", "f": 199142933, "l": 199142933, "T": 1604225310077, "m": true, "M": true}, {"e": "aggTrade", "E": 1604225310182, "s": "ETHBTC", "a": 178115249, "p": "0.02820200", "q": "0.35500000", "f": 199142934, "l": 199142934, "T": 1604225310181, "m": true, "M": true}, {"e": "aggTrade", "E": 1604225310414, "s": "ETHBTC", "a": 178115250, "p": "0.02820200", "q": "0.12400000", "f": 199142935, "l": 199142935, "T": 1604225310413, "m": true, "M": true}, {"e": "aggTrade", "E": 1604225310621, "s": "ETHBTC", "a": 178115251, "p": "0.02820200", "q": "0.51100000", "f": 199142936, "l": 199142936, "T": 1604225310620, "m": true, "M": true}, {"e": "aggTrade", "E": 1604225311048, "s": "ETHBTC", "a": 178115252, "p": "0.02820000", "q": "0.34600000", "f": 199142937, "l": 199142937, "T": 1604225311046, "m": true, "M": true}, {"e": "aggTrade", "E": 1604225311153, "s": "ETHBTC", "a": 178115253, "p": "0.02819900", "q": "2.22500000", "f": 199142938, "l": 199142938, "T": 1604225311152, "m": true, "M": true}, {"e": "aggTrade", "E": 1604225311982, "s": "ETHBTC", "a": 178115254, "p": "0.02819900", "q": "0.42800000", "f": 199142939, "l": 199142939, "T": 1604225311980, "m": true, "M": true}, {"e": "aggTrade", "E": 1604225312782, "s": "ETHBTC", "a": 178115255, "p": "0.02819900", "q": "0.23900000", "f": 199142940, "l": 199142940, "T": 1604225312781, "m": true, "M": true}, {"e": "aggTrade", "E": 1604225313870, "s": "ETHBTC", "a": 178115256, "p": "0.02819900", "q": "5.00000000", "f": 199142941, "l": 199142941, "T": 1604225313868, "m": true, "M": true}, {"e": "aggTrade", "E": 1604225314090, "s": "ETHBTC", "a": 178115257, "p": "0.02819900", "q": "1.21600000", "f": 199142942, "l": 199142942, "T": 1604225314089, "m": true, "M": true}, {"e": "aggTrade", "E": 1604225315296, "s": "ETHBTC", "a": 178115258, "p": "0.02819600", "q": "0.71300000", "f": 199142943, "l": 199142943, "T": 1604225315295, "m": true, "M": true}, {"e": "aggTrade", "E": 1604225315798, "s": "ETHBTC", "a": 178115259, "p": "0.02819600", "q": "0.31900000", "f": 199142944, "l": 199142944, "T": 1604225315796, "m": true, "M": true}, {"e": "aggTrade", "E": 1604225318383, "s": "ETHBTC", "a": 178115260, "p": "0.02819200", "q": "5.00000000", "f": 199142945, "l": 199142946, "T": 1604225318382, "m": false, "M": true}, {"e": "aggTrade", "E": 1604225318491, "s": "ETHBTC", "a": 178115261, "p": "0.02819200", "q": "3.00000000", "f": 199142947, "l": 199142947, "T": 1604225318490, "m": false, "M": true}, {"e": "aggTrade", "E": 1604225318815, "s": "ETHBTC", "a": 178115262, "p": "0.02819300", "q": "0.31900000", "f": 199142948, "l": 199142948, "T": 1604225318814, "m": false, "M": true}, {"e": "aggTrade", "E": 1604225318924, "s": "ETHBTC", "a": 178115263, "p": "0.02819300", "q": "0.31900000", "f": 199142949, "l": 199142949, "T": 1604225318923, "m": false, "M": true}, {"e": "aggTrade", "E": 1604225319335, "s": "ETHBTC", "a": 178115264, "p": "0.02819200", "q": "0.16500000", "f": 199142950, "l": 199142950, "T": 1604225319333, "m": false, "M": true}, {"e": "aggTrade", "E": 1604225326764, "s": "ETHBTC", "a": 178115265, "p": "0.02819900", "q": "0.17800000", "f": 199142951, "l": 199142951, "T": 1604225326762, "m": true, "M": true}, {"e": "aggTrade", "E": 1604225331292, "s": "ETHBTC", "a": 178115266, "p": "0.02819800", "q": "0.35400000", "f": 199142952, "l": 199142952, "T": 1604225331290, "m": true, "M": true}, {"e": "aggTrade", "E": 1604225332226, "s": "ETHBTC", "a": 178115267, "p": "0.02819800", "q": "0.07100000", "f": 199142953, "l": 199142953, "T": 1604225332225, "m": true, "M": true}, {"e": "aggTrade", "E": 1604225332552, "s": "ETHBTC", "a": 178115268, "p": "0.02819800", "q": "0.07100000", "f": 199142954, "l": 199142954, "T": 1604225332551, "m": true, "M": true}, {"e": "aggTrade", "E": 1604225334428, "s": "ETHBTC", "a": 178115269, "p": "0.02819800", "q": "0.07100000", "f": 199142955, "l": 199142955, "T": 1604225334427, "m": true, "M": true}, {"e": "aggTrade", "E": 1604225335065, "s": "ETHBTC", "a": 178115270, "p": "0.02820000", "q": "0.46400000", "f": 199142956, "l": 199142956, "T": 1604225335063, "m": true, "M": true}, {"e": "aggTrade", "E": 1604225335221, "s": "ETHBTC", "a": 178115271, "p": "0.02820000", "q": "0.63800000", "f": 199142957, "l": 199142957, "T": 1604225335220, "m": true, "M": true}, {"e": "aggTrade", "E": 1604225335545, "s": "ETHBTC", "a": 178115272, "p": "0.02820000", "q": "3.55900000", "f": 199142958, "l": 199142958, "T": 1604225335544, "m": true, "M": true}, {"e": "aggTrade", "E": 1604225336524, "s": "ETHBTC", "a": 178115273, "p": "0.02820200", "q": "2.91000000", "f": 199142959, "l": 199142959, "T": 1604225336522, "m": true, "M": true}, {"e": "aggTrade", "E": 1604225340267, "s": "ETHBTC", "a": 178115274, "p": "0.02820300", "q": "23.48400000", "f": 199142960, "l": 199142961, "T": 1604225340266, "m": true, "M": true}, {"e": "aggTrade", "E": 1604225349646, "s": "ETHBTC", "a": 178115275, "p": "0.02820400", "q": "0.05000000", "f": 199142962, "l": 199142962, "T": 1604225349644, "m": false, "M": true}, {"e": "aggTrade", "E": 1604225349776, "s": "ETHBTC", "a": 178115276, "p": "0.02820400", "q": "0.07600000", "f": 199142963, "l": 199142963, "T": 1604225349775, "m": false, "M": true}, {"e": "aggTrade", "E": 1604225349776, "s": "ETHBTC", "a": 178115277, "p": "0.02820500", "q": "0.17200000", "f": 199142964, "l": 199142964, "T": 1604225349775, "m": false, "M": true}, {"e": "aggTrade", "E": 1604225356544, "s": "ETHBTC", "a": 178115278, "p": "0.02820700", "q": "0.35900000", "f": 199142965, "l": 199142965, "T": 1604225356543, "m": true, "M": true}, {"e": "aggTrade", "E": 1604225362465, "s": "ETHBTC", "a": 178115279, "p": "0.02820200", "q": "0.43600000", "f": 199142966, "l": 199142966, "T": 1604225362464, "m": false, "M": true}, {"e": "aggTrade", "E": 1604225364200, "s": "ETHBTC", "a": 178115280, "p": "0.02820600", "q": "0.14000000", "f": 199142967, "l": 199142967, "T": 1604225364199, "m": false, "M": true}, {"e": "aggTrade", "E": 1604225369989, "s": "ETHBTC", "a": 178115281, "p": "0.02820500", "q": "0.31900000", "f": 199142968, "l": 199142968, "T": 1604225369988, "m": true, "M": true}, {"e": "aggTrade", "E": 1604225370255, "s": "ETHBTC", "a": 178115282, "p": "0.02820600", "q": "0.03600000", "f": 199142969, "l": 199142969, "T": 1604225370254, "m": false, "M": true}, {"e": "aggTrade", "E": 1604225371460, "s": "ETHBTC", "a": 178115283, "p": "0.02820500", "q": "0.88600000", "f": 199142970, "l": 199142970, "T": 1604225371459, "m": true, "M": true}, {"e": "aggTrade", "E": 1604225384959, "s": "ETHBTC", "a": 178115284, "p": "0.02820600", "q": "0.29400000", "f": 199142971, "l": 199142971, "T": 1604225384958, "m": false, "M": true}, {"e": "aggTrade", "E": 1604225385080, "s": "ETHBTC", "a": 178115285, "p": "0.02820600", "q": "0.64000000", "f": 199142972, "l": 199142972, "T": 1604225385079, "m": false, "M": true}, {"e": "aggTrade", "E": 1604225387308, "s": "ETHBTC", "a": 178115286, "p": "0.02820600", "q": "0.70100000", "f": 199142973, "l": 199142973, "T": 1604225387307, "m": true, "M": true}, {"e": "aggTrade", "E": 1604225394011, "s": "ETHBTC", "a": 178115287, "p": "0.02820700", "q": "0.82700000", "f": 199142974, "l": 199142975, "T": 1604225394009, "m": false, "M": true}, {"e": "aggTrade", "E": 1604225396301, "s": "ETHBTC", "a": 178115288, "p": "0.02820900", "q": "0.01900000", "f": 199142976, "l": 199142976, "T": 1604225396300, "m": true, "M": true}, {"e": "aggTrade", "E": 1604225396873, "s": "ETHBTC", "a": 178115289, "p": "0.02820900", "q": "1.84100000", "f": 199142977, "l": 199142977, "T": 1604225396871, "m": true, "M": true}, {"e": "aggTrade", "E": 1604225399816, "s": "ETHBTC", "a": 178115290, "p": "0.02820500", "q": "0.49700000", "f": 199142978, "l": 199142978, "T": 1604225399814, "m": true, "M": true}, {"e": "aggTrade", "E": 1604225409449, "s": "ETHBTC", "a": 178115291, "p": "0.02820700", "q": "0.02500000", "f": 199142979, "l": 199142979, "T": 1604225409449, "m": false, "M": true}, {"e": "aggTrade", "E": 1604225415276, "s": "ETHBTC", "a": 178115292, "p": "0.02820700", "q": "0.50000000", "f": 199142980, "l": 199142980, "T": 1604225415274, "m": false, "M": true}, {"e": "aggTrade", "E": 1604225415340, "s": "ETHBTC", "a": 178115293, "p": "0.02820700", "q": "0.00900000", "f": 199142981, "l": 199142981, "T": 1604225415339, "m": false, "M": true}, {"e": "aggTrade", "E": 1604225416198, "s": "ETHBTC", "a": 178115294, "p": "0.02820600", "q": "2.15400000", "f": 199142982, "l": 199142982, "T": 1604225416197, "m": false, "M": true}, {"e": "aggTrade", "E": 1604225416817, "s": "ETHBTC", "a": 178115295, "p": "0.02820400", "q": "3.00000000", "f": 199142983, "l": 199142983, "T": 1604225416816, "m": false, "M": true}, {"e": "aggTrade", "E": 1604225420376, "s": "ETHBTC", "a": 178115296, "p": "0.02820600", "q": "5.00000000", "f": 199142984, "l": 199142985, "T": 1604225420375, "m": false, "M": true}, {"e": "aggTrade", "E": 1604225423562, "s": "ETHBTC", "a": 178115297, "p": "0.02820600", "q": "11.33200000", "f": 199142986, "l": 199142986, "T": 1604225423561, "m": false, "M": true}, {"e": "aggTrade", "E": 1604225426872, "s": "ETHBTC", "a": 178115298, "p": "0.02820500", "q": "0.93000000", "f": 199142987, "l": 199142987, "T": 1604225426870, "m": true, "M": true}, {"e": "aggTrade", "E": 1604225429680, "s": "ETHBTC", "a": 178115299, "p": "0.02820500", "q": "0.06300000", "f": 199142988, "l": 199142988, "T": 1604225429678, "m": false, "M": true}, {"e": "aggTrade", "E": 1604225442740, "s": "ETHBTC", "a": 178115300, "p": "0.02820800", "q": "0.03300000", "f": 199142989, "l": 199142990, "T": 1604225442739, "m": false, "M": true}, {"e": "aggTrade", "E": 1604225443946, "s": "ETHBTC", "a": 178115301, "p": "0.02821200", "q": "0.07000000", "f": 199142991, "l": 199142991, "T": 1604225443945, "m": false, "M": true}, {"e": "aggTrade", "E": 1604225444465, "s": "ETHBTC", "a": 178115302, "p": "0.02821100", "q": "0.31900000", "f": 199142992, "l": 199142992, "T": 1604225444464, "m": true, "M": true}, {"e": "aggTrade", "E": 1604225444780, "s": "ETHBTC", "a": 178115303, "p": "0.02821100", "q": "17.37900000", "f": 199142993, "l": 199142993, "T": 1604225444778, "m": true, "M": true}, {"e": "aggTrade", "E": 1604225445825, "s": "ETHBTC", "a": 178115304, "p": "0.02821400", "q": "0.03200000", "f": 199142994, "l": 199142994, "T": 1604225445824, "m": true, "M": true}, {"e": "aggTrade", "E": 1604225446366, "s": "ETHBTC", "a": 178115305, "p": "0.02821300", "q": "0.00700000", "f": 199142995, "l": 199142995, "T": 1604225446365, "m": true, "M": true}, {"e": "aggTrade", "E": 1604225446997, "s": "ETHBTC", "a": 178115306, "p": "0.02821200", "q": "12.92000000", "f": 199142996, "l": 199142996, "T": 1604225446996, "m": true, "M": true}, {"e": "aggTrade", "E": 1604225459695, "s": "ETHBTC", "a": 178115307, "p": "0.02821400", "q": "16.39000000", "f": 199142997, "l": 199142997, "T": 1604225459693, "m": true, "M": true}, {"e": "aggTrade", "E": 1604225464809, "s": "ETHBTC", "a": 178115308, "p": "0.02821900", "q": "18.70100000", "f": 199142998, "l": 199142998, "T": 1604225464807, "m": false, "M": true}, {"e": "aggTrade", "E": 1604225464934, "s": "ETHBTC", "a": 178115309, "p": "0.02821800", "q": "0.20400000", "f": 199142999, "l": 199142999, "T": 1604225464932, "m": true, "M": true}, {"e": "aggTrade", "E": 1604225465972, "s": "ETHBTC", "a": 178115310, "p": "0.02821500", "q": "3.10300000", "f": 199143000, "l": 199143000, "T": 1604225465971, "m": false, "M": true}, {"e": "aggTrade", "E": 1604225467542, "s": "ETHBTC", "a": 178115311, "p": "0.02821500", "q": "0.87200000", "f": 199143001, "l": 199143001, "T": 1604225467541, "m": false, "M": true}, {"e": "aggTrade", "E": 1604225467646, "s": "ETHBTC", "a": 178115312, "p": "0.02821500", "q": "3.12800000", "f": 199143002, "l": 199143002, "T": 1604225467645, "m": false, "M": true}, {"e": "aggTrade", "E": 1604225469762, "s": "ETHBTC", "a": 178115313, "p": "0.02821600", "q": "5.00000000", "f": 199143003, "l": 199143003, "T": 1604225469761, "m": false, "M": true}, {"e": "aggTrade", "E": 1604225478881, "s": "ETHBTC", "a": 178115314, "p": "0.02821600", "q": "0.07000000", "f": 199143004, "l": 199143004, "T": 1604225478880, "m": true, "M": true}, {"e": "aggTrade", "E": 1604225481752, "s": "ETHBTC", "a": 178115315, "p": "0.02821600", "q": "0.21800000", "f": 199143005, "l": 199143005, "T": 1604225481750, "m": true, "M": true}, {"e": "aggTrade", "E": 1604225482904, "s": "ETHBTC", "a": 178115316, "p": "0.02821500", "q": "0.12900000", "f": 199143006, "l": 199143006, "T": 1604225482903, "m": true, "M": true}, {"e": "aggTrade", "E": 1604225483274, "s": "ETHBTC", "a": 178115317, "p": "0.02821700", "q": "0.06600000", "f": 199143007, "l": 199143007, "T": 1604225483272, "m": false, "M": true}, {"e": "aggTrade", "E": 1604225488012, "s": "ETHBTC", "a": 178115318, "p": "0.02821900", "q": "0.54400000", "f": 199143008, "l": 199143008, "T": 1604225488011, "m": true, "M": true}, {"e": "aggTrade", "E": 1604225488313, "s": "ETHBTC", "a": 178115319, "p": "0.02821900", "q": "0.38400000", "f": 199143009, "l": 199143009, "T": 1604225488311, "m": true, "M": true}, {"e": "aggTrade", "E": 1604225488726, "s": "ETHBTC", "a": 178115320, "p": "0.02822000", "q": "0.27000000", "f": 199143010, "l": 199143010, "T": 1604225488725, "m": true, "M": true}, {"e": "aggTrade", "E": 1604225489049, "s": "ETHBTC", "a": 178115321, "p": "0.02822100", "q": "0.14100000", "f": 199143011, "l": 199143011, "T": 1604225489048, "m": true, "M": true}, {"e": "aggTrade", "E": 1604225493613, "s": "ETHBTC", "a": 178115322, "p": "0.02822100", "q": "0.81500000", "f": 199143012, "l": 199143012, "T": 1604225493610, "m": true, "M": true}, {"e": "aggTrade", "E": 1604225499710, "s": "ETHBTC", "a": 178115323, "p": "0.02822200", "q": "0.04800000", "f": 199143013, "l": 199143013, "T": 1604225499709, "m": false, "M": true}, {"e": "aggTrade", "E": 1604225499710, "s": "ETHBTC", "a": 178115324, "p": "0.02822500", "q": "0.00500000", "f": 199143014, "l": 199143014, "T": 1604225499709, "m": false, "M": true}, {"e": "aggTrade", "E": 1604225499710, "s": "ETHBTC", "a": 178115325, "p": "0.02822700", "q": "0.30400000", "f": 199143015, "l": 199143016, "T": 1604225499709, "m": false, "M": true}, {"e": "aggTrade", "E": 1604225500269, "s": "ETHBTC", "a": 178115326, "p": "0.02822400", "q": "4.76300000", "f": 199143017, "l": 199143017, "T": 1604225500268, "m": true, "M": true}, {"e": "aggTrade", "E": 1604225500269, "s": "ETHBTC", "a": 178115327, "p": "0.02822300", "q": "1.23700000", "f": 199143018, "l": 199143018, "T": 1604225500268, "m": true, "M": true}, {"e": "aggTrade", "E": 1604225500364, "s": "ETHBTC", "a": 178115328, "p": "0.02822100", "q": "4.51800000", "f": 199143019, "l": 199143019, "T": 1604225500363, "m": true, "M": true}, {"e": "aggTrade", "E": 1604225502779, "s": "ETHBTC", "a": 178115329, "p": "0.02822600", "q": "5.51500000", "f": 199143020, "l": 199143020, "T": 1604225502778, "m": true, "M": true}, {"e": "aggTrade", "E": 1604225504046, "s": "ETHBTC", "a": 178115330, "p": "0.02822100", "q": "0.00600000", "f": 199143021, "l": 199143021, "T": 1604225504045, "m": true, "M": true}, {"e": "aggTrade", "E": 1604225504727, "s": "ETHBTC", "a": 178115331, "p": "0.02822100", "q": "0.04300000", "f": 199143022, "l": 199143022, "T": 1604225504726, "m": true, "M": true}, {"e": "aggTrade", "E": 1604225508048, "s": "ETHBTC", "a": 178115332, "p": "0.02822000", "q": "10.00000000", "f": 199143023, "l": 199143023, "T": 1604225508046, "m": true, "M": true}, {"e": "aggTrade", "E": 1604225514000, "s": "ETHBTC", "a": 178115333, "p": "0.02822100", "q": "3.00000000", "f": 199143024, "l": 199143024, "T": 1604225513999, "m": false, "M": true}, {"e": "aggTrade", "E": 1604225516647, "s": "ETHBTC", "a": 178115334, "p": "0.02822200", "q": "3.02500000", "f": 199143025, "l": 199143026, "T": 1604225516645, "m": false, "M": true}, {"e": "aggTrade", "E": 1604225516750, "s": "ETHBTC", "a": 178115335, "p": "0.02822200", "q": "3.03300000", "f": 199143027, "l": 199143027, "T": 1604225516748, "m": false, "M": true}, {"e": "aggTrade", "E": 1604225518876, "s": "ETHBTC", "a": 178115336, "p": "0.02822000", "q": "0.92100000", "f": 199143028, "l": 199143028, "T": 1604225518874, "m": true, "M": true}, {"e": "aggTrade", "E": 1604225519071, "s": "ETHBTC", "a": 178115337, "p": "0.02822000", "q": "2.00500000", "f": 199143029, "l": 199143029, "T": 1604225519070, "m": true, "M": true}, {"e": "aggTrade", "E": 1604225519084, "s": "ETHBTC", "a": 178115338, "p": "0.02821800", "q": "2.00500000", "f": 199143030, "l": 199143030, "T": 1604225519082, "m": true, "M": true}, {"e": "aggTrade", "E": 1604225519802, "s": "ETHBTC", "a": 178115339, "p": "0.02822100", "q": "0.00400000", "f": 199143031, "l": 199143031, "T": 1604225519801, "m": false, "M": true}, {"e": "aggTrade", "E": 1604225520342, "s": "ETHBTC", "a": 178115340, "p": "0.02822000", "q": "0.63700000", "f": 199143032, "l": 199143032, "T": 1604225520340, "m": true, "M": true}, {"e": "aggTrade", "E": 1604225520681, "s": "ETHBTC", "a": 178115341, "p": "0.02822200", "q": "0.07100000", "f": 199143033, "l": 199143033, "T": 1604225520680, "m": true, "M": true}, {"e": "aggTrade", "E": 1604225520768, "s": "ETHBTC", "a": 178115342, "p": "0.02822200", "q": "16.11700000", "f": 199143034, "l": 199143034, "T": 1604225520767, "m": true, "M": true}, {"e": "aggTrade", "E": 1604225522270, "s": "ETHBTC", "a": 178115343, "p": "0.02822200", "q": "0.00400000", "f": 199143035, "l": 199143035, "T": 1604225522268, "m": false, "M": true}, {"e": "aggTrade", "E": 1604225525757, "s": "ETHBTC", "a": 178115344, "p": "0.02822200", "q": "0.20000000", "f": 199143036, "l": 199143036, "T": 1604225525756, "m": true, "M": true}, {"e": "aggTrade", "E": 1604225526094, "s": "ETHBTC", "a": 178115345, "p": "0.02822200", "q": "0.35500000", "f": 199143037, "l": 199143037, "T": 1604225526093, "m": true, "M": true}, {"e": "aggTrade", "E": 1604225526191, "s": "ETHBTC", "a": 178115346, "p": "0.02822300", "q": "0.08800000", "f": 199143038, "l": 199143038, "T": 1604225526190, "m": false, "M": true}, {"e": "aggTrade", "E": 1604225526192, "s": "ETHBTC", "a": 178115347, "p": "0.02822200", "q": "0.07100000", "f": 199143039, "l": 199143039, "T": 1604225526191, "m": true, "M": true}, {"e": "aggTrade", "E": 1604225526399, "s": "ETHBTC", "a": 178115348, "p": "0.02822200", "q": "0.35400000", "f": 199143040, "l": 199143040, "T": 1604225526398, "m": true, "M": true}, {"e": "aggTrade", "E": 1604225527493, "s": "ETHBTC", "a": 178115349, "p": "0.02822200", "q": "2.36300000", "f": 199143041, "l": 199143041, "T": 1604225527492, "m": true, "M": true}, {"e": "aggTrade", "E": 1604225536718, "s": "ETHBTC", "a": 178115350, "p": "0.02822100", "q": "1.00000000", "f": 199143042, "l": 199143042, "T": 1604225536717, "m": false, "M": true}, {"e": "aggTrade", "E": 1604225537681, "s": "ETHBTC", "a": 178115351, "p": "0.02822100", "q": "1.26700000", "f": 199143043, "l": 199143043, "T": 1604225537680, "m": false, "M": true}, {"e": "aggTrade", "E": 1604225541755, "s": "ETHBTC", "a": 178115352, "p": "0.02822100", "q": "0.22300000", "f": 199143044, "l": 199143044, "T": 1604225541754, "m": true, "M": true}, {"e": "aggTrade", "E": 1604225542454, "s": "ETHBTC", "a": 178115353, "p": "0.02822100", "q": "1.27500000", "f": 199143045, "l": 199143045, "T": 1604225542452, "m": true, "M": true}, {"e": "aggTrade", "E": 1604225542570, "s": "ETHBTC", "a": 178115354, "p": "0.02822100", "q": "0.47900000", "f": 199143046, "l": 199143046, "T": 1604225542569, "m": true, "M": true}, {"e": "aggTrade", "E": 1604225542875, "s": "ETHBTC", "a": 178115355, "p": "0.02822100", "q": "0.47900000", "f": 199143047, "l": 199143047, "T": 1604225542874, "m": true, "M": true}, {"e": "aggTrade", "E": 1604225543508, "s": "ETHBTC", "a": 178115356, "p": "0.02822000", "q": "0.21900000", "f": 199143048, "l": 199143048, "T": 1604225543507, "m": true, "M": true}, {"e": "aggTrade", "E": 1604225546532, "s": "ETHBTC", "a": 178115357, "p": "0.02822000", "q": "2.91000000", "f": 199143049, "l": 199143049, "T": 1604225546531, "m": true, "M": true}, {"e": "aggTrade", "E": 1604225546863, "s": "ETHBTC", "a": 178115358, "p": "0.02821900", "q": "0.31800000", "f": 199143050, "l": 199143050, "T": 1604225546862, "m": true, "M": true}, {"e": "aggTrade", "E": 1604225546978, "s": "ETHBTC", "a": 178115359, "p": "0.02821900", "q": "0.34300000", "f": 199143051, "l": 199143051, "T": 1604225546977, "m": true, "M": true}, {"e": "aggTrade", "E": 1604225550040, "s": "ETHBTC", "a": 178115360, "p": "0.02821900", "q": "0.11200000", "f": 199143052, "l": 199143052, "T": 1604225550039, "m": true, "M": true}, {"e": "aggTrade", "E": 1604225550090, "s": "ETHBTC", "a": 178115361, "p": "0.02822000", "q": "0.06500000", "f": 199143053, "l": 199143053, "T": 1604225550089, "m": false, "M": true}, {"e": "aggTrade", "E": 1604225553471, "s": "ETHBTC", "a": 178115362, "p": "0.02821800", "q": "0.00500000", "f": 199143054, "l": 199143054, "T": 1604225553470, "m": true, "M": true}, {"e": "aggTrade", "E": 1604225555043, "s": "ETHBTC", "a": 178115363, "p": "0.02821800", "q": "0.14900000", "f": 199143055, "l": 199143055, "T": 1604225555041, "m": true, "M": true}, {"e": "aggTrade", "E": 1604225555703, "s": "ETHBTC", "a": 178115364, "p": "0.02821900", "q": "0.05000000", "f": 199143056, "l": 199143056, "T": 1604225555702, "m": false, "M": true}, {"e": "aggTrade", "E": 1604225559629, "s": "ETHBTC", "a": 178115365, "p": "0.02821900", "q": "2.60500000", "f": 199143057, "l": 199143057, "T": 1604225559629, "m": true, "M": true}, {"e": "aggTrade", "E": 1604225563884, "s": "ETHBTC", "a": 178115366, "p": "0.02822000", "q": "0.18100000", "f": 199143058, "l": 199143058, "T": 1604225563883, "m": false, "M": true}, {"e": "aggTrade", "E": 1604225563954, "s": "ETHBTC", "a": 178115367, "p": "0.02822000", "q": "5.44100000", "f": 199143059, "l": 199143059, "T": 1604225563953, "m": false, "M": true}, {"e": "aggTrade", "E": 1604225564320, "s": "ETHBTC", "a": 178115368, "p": "0.02822000", "q": "5.34200000", "f": 199143060, "l": 199143060, "T": 1604225564318, "m": false, "M": true}, {"e": "aggTrade", "E": 1604225564437, "s": "ETHBTC", "a": 178115369, "p": "0.02822000", "q": "0.31900000", "f": 199143061, "l": 199143061, "T": 1604225564435, "m": false, "M": true}, {"e": "aggTrade", "E": 1604225564617, "s": "ETHBTC", "a": 178115370, "p": "0.02822000", "q": "0.35400000", "f": 199143062, "l": 199143062, "T": 1604225564615, "m": false, "M": true}, {"e": "aggTrade", "E": 1604225565649, "s": "ETHBTC", "a": 178115371, "p": "0.02822000", "q": "17.43800000", "f": 199143063, "l": 199143066, "T": 1604225565648, "m": false, "M": true}, {"e": "aggTrade", "E": 1604225565777, "s": "ETHBTC", "a": 178115372, "p": "0.02822000", "q": "17.10900000", "f": 199143067, "l": 199143067, "T": 1604225565775, "m": false, "M": true}, {"e": "aggTrade", "E": 1604225566156, "s": "ETHBTC", "a": 178115373, "p": "0.02821900", "q": "0.19500000", "f": 199143068, "l": 199143068, "T": 1604225566149, "m": true, "M": true}, {"e": "aggTrade", "E": 1604225566284, "s": "ETHBTC", "a": 178115374, "p": "0.02821900", "q": "1.57100000", "f": 199143069, "l": 199143069, "T": 1604225566283, "m": true, "M": true}, {"e": "aggTrade", "E": 1604225568455, "s": "ETHBTC", "a": 178115375, "p": "0.02821800", "q": "0.74400000", "f": 199143070, "l": 199143070, "T": 1604225568453, "m": true, "M": true}, {"e": "aggTrade", "E": 1604225568677, "s": "ETHBTC", "a": 178115376, "p": "0.02821800", "q": "0.07100000", "f": 199143071, "l": 199143071, "T": 1604225568675, "m": true, "M": true}, {"e": "aggTrade", "E": 1604225568776, "s": "ETHBTC", "a": 178115377, "p": "0.02821800", "q": "0.24800000", "f": 199143072, "l": 199143072, "T": 1604225568775, "m": true, "M": true}, {"e": "aggTrade", "E": 1604225569067, "s": "ETHBTC", "a": 178115378, "p": "0.02821900", "q": "4.37000000", "f": 199143073, "l": 199143073, "T": 1604225569066, "m": false, "M": true}, {"e": "aggTrade", "E": 1604225569173, "s": "ETHBTC", "a": 178115379, "p": "0.02822000", "q": "0.63000000", "f": 199143074, "l": 199143074, "T": 1604225569172, "m": false, "M": true}, {"e": "aggTrade", "E": 1604225573092, "s": "ETHBTC", "a": 178115380, "p": "0.02822000", "q": "3.87000000", "f": 199143075, "l": 199143075, "T": 1604225573090, "m": false, "M": true}, {"e": "aggTrade", "E": 1604225574060, "s": "ETHBTC", "a": 178115381, "p": "0.02822300", "q": "2.08900000", "f": 199143076, "l": 199143077, "T": 1604225574059, "m": false, "M": true}, {"e": "aggTrade", "E": 1604225575521, "s": "ETHBTC", "a": 178115382, "p": "0.02822100", "q": "0.38900000", "f": 199143078, "l": 199143078, "T": 1604225575519, "m": false, "M": true}, {"e": "aggTrade", "E": 1604225576476, "s": "ETHBTC", "a": 178115383, "p": "0.02822000", "q": "1.93700000", "f": 199143079, "l": 199143079, "T": 1604225576475, "m": true, "M": true}, {"e": "aggTrade", "E": 1604225577530, "s": "ETHBTC", "a": 178115384, "p": "0.02821800", "q": "0.38900000", "f": 199143080, "l": 199143080, "T": 1604225577529, "m": true, "M": true}, {"e": "aggTrade", "E": 1604225577753, "s": "ETHBTC", "a": 178115385, "p": "0.02821800", "q": "1.05700000", "f": 199143081, "l": 199143081, "T": 1604225577751, "m": true, "M": true}, {"e": "aggTrade", "E": 1604225577847, "s": "ETHBTC", "a": 178115386, "p": "0.02821800", "q": "0.99100000", "f": 199143082, "l": 199143082, "T": 1604225577845, "m": true, "M": true}, {"e": "aggTrade", "E": 1604225583328, "s": "ETHBTC", "a": 178115387, "p": "0.02821900", "q": "2.43800000", "f": 199143083, "l": 199143083, "T": 1604225583326, "m": false, "M": true}, {"e": "aggTrade", "E": 1604225583745, "s": "ETHBTC", "a": 178115388, "p": "0.02821900", "q": "5.00000000", "f": 199143084, "l": 199143084, "T": 1604225583743, "m": false, "M": true}, {"e": "aggTrade", "E": 1604225589646, "s": "ETHBTC", "a": 178115389, "p": "0.02821800", "q": "0.66100000", "f": 199143085, "l": 199143085, "T": 1604225589645, "m": true, "M": true}, {"e": "aggTrade", "E": 1604225589713, "s": "ETHBTC", "a": 178115390, "p": "0.02821800", "q": "0.18200000", "f": 199143086, "l": 199143086, "T": 1604225589712, "m": true, "M": true}, {"e": "aggTrade", "E": 1604225590060, "s": "ETHBTC", "a": 178115391, "p": "0.02821800", "q": "5.57100000", "f": 199143087, "l": 199143088, "T": 1604225590059, "m": true, "M": true}, {"e": "aggTrade", "E": 1604225590906, "s": "ETHBTC", "a": 178115392, "p": "0.02821600", "q": "0.07500000", "f": 199143089, "l": 199143090, "T": 1604225590905, "m": true, "M": true}, {"e": "aggTrade", "E": 1604225593114, "s": "ETHBTC", "a": 178115393, "p": "0.02821900", "q": "0.45600000", "f": 199143091, "l": 199143091, "T": 1604225593113, "m": false, "M": true}, {"e": "aggTrade", "E": 1604225593345, "s": "ETHBTC", "a": 178115394, "p": "0.02821900", "q": "5.08000000", "f": 199143092, "l": 199143093, "T": 1604225593344, "m": true, "M": true}, {"e": "aggTrade", "E": 1604225593448, "s": "ETHBTC", "a": 178115395, "p": "0.02821900", "q": "0.31800000", "f": 199143094, "l": 199143094, "T": 1604225593447, "m": true, "M": true}, {"e": "aggTrade", "E": 1604225595235, "s": "ETHBTC", "a": 178115396, "p": "0.02821700", "q": "0.56100000", "f": 199143095, "l": 199143095, "T": 1604225595234, "m": false, "M": true}, {"e": "aggTrade", "E": 1604225598444, "s": "ETHBTC", "a": 178115397, "p": "0.02821700", "q": "0.00700000", "f": 199143096, "l": 199143096, "T": 1604225598443, "m": false, "M": true}, {"e": "aggTrade", "E": 1604225600954, "s": "ETHBTC", "a": 178115398, "p": "0.02821500", "q": "0.00900000", "f": 199143097, "l": 199143097, "T": 1604225600953, "m": true, "M": true}, {"e": "aggTrade", "E": 1604225601752, "s": "ETHBTC", "a": 178115399, "p": "0.02821500", "q": "0.22700000", "f": 199143098, "l": 199143099, "T": 1604225601751, "m": true, "M": true}, {"e": "aggTrade", "E": 1604225604680, "s": "ETHBTC", "a": 178115400, "p": "0.02821700", "q": "1.82500000", "f": 199143100, "l": 199143100, "T": 1604225604679, "m": false, "M": true}, {"e": "aggTrade", "E": 1604225604792, "s": "ETHBTC", "a": 178115401, "p": "0.02821700", "q": "3.17500000", "f": 199143101, "l": 199143101, "T": 1604225604791, "m": false, "M": true}, {"e": "aggTrade", "E": 1604225608643, "s": "ETHBTC", "a": 178115402, "p": "0.02821600", "q": "0.61100000", "f": 199143102, "l": 199143102, "T": 1604225608642, "m": false, "M": true}, {"e": "aggTrade", "E": 1604225608850, "s": "ETHBTC", "a": 178115403, "p": "0.02821600", "q": "6.08000000", "f": 199143103, "l": 199143103, "T": 1604225608849, "m": false, "M": true}, {"e": "aggTrade", "E": 1604225612027, "s": "ETHBTC", "a": 178115404, "p": "0.02821600", "q": "5.61800000", "f": 199143104, "l": 199143105, "T": 1604225612026, "m": false, "M": true}, {"e": "aggTrade", "E": 1604225612679, "s": "ETHBTC", "a": 178115405, "p": "0.02821600", "q": "15.00000000", "f": 199143106, "l": 199143106, "T": 1604225612678, "m": false, "M": true}, {"e": "aggTrade", "E": 1604225614172, "s": "ETHBTC", "a": 178115406, "p": "0.02821900", "q": "14.22000000", "f": 199143107, "l": 199143108, "T": 1604225614170, "m": false, "M": true}, {"e": "aggTrade", "E": 1604225618977, "s": "ETHBTC", "a": 178115407, "p": "0.02821800", "q": "0.14300000", "f": 199143109, "l": 199143109, "T": 1604225618976, "m": true, "M": true}, {"e": "aggTrade", "E": 1604225619075, "s": "ETHBTC", "a": 178115408, "p": "0.02821800", "q": "3.77400000", "f": 199143110, "l": 199143110, "T": 1604225619073, "m": true, "M": true}, {"e": "aggTrade", "E": 1604225619181, "s": "ETHBTC", "a": 178115409, "p": "0.02821700", "q": "1.22600000", "f": 199143111, "l": 199143111, "T": 1604225619179, "m": true, "M": true}, {"e": "aggTrade", "E": 1604225620785, "s": "ETHBTC", "a": 178115410, "p": "0.02821700", "q": "0.62100000", "f": 199143112, "l": 199143112, "T": 1604225620784, "m": true, "M": true}, {"e": "aggTrade", "E": 1604225623091, "s": "ETHBTC", "a": 178115411, "p": "0.02821700", "q": "2.65200000", "f": 199143113, "l": 199143113, "T": 1604225623089, "m": true, "M": true}, {"e": "aggTrade", "E": 1604225623505, "s": "ETHBTC", "a": 178115412, "p": "0.02821700", "q": "0.14200000", "f": 199143114, "l": 199143114, "T": 1604225623504, "m": true, "M": true}, {"e": "aggTrade", "E": 1604225623723, "s": "ETHBTC", "a": 178115413, "p": "0.02821800", "q": "0.35400000", "f": 199143115, "l": 199143115, "T": 1604225623721, "m": true, "M": true}, {"e": "aggTrade", "E": 1604225625056, "s": "ETHBTC", "a": 178115414, "p": "0.02822000", "q": "0.00600000", "f": 199143116, "l": 199143116, "T": 1604225625055, "m": true, "M": true}, {"e": "aggTrade", "E": 1604225627620, "s": "ETHBTC", "a": 178115415, "p": "0.02822100", "q": "1.23500000", "f": 199143117, "l": 199143117, "T": 1604225627618, "m": false, "M": true}, {"e": "aggTrade", "E": 1604225633945, "s": "ETHBTC", "a": 178115416, "p": "0.02822000", "q": "0.43100000", "f": 199143118, "l": 199143118, "T": 1604225633944, "m": true, "M": true}, {"e": "aggTrade", "E": 1604225638817, "s": "ETHBTC", "a": 178115417, "p": "0.02822100", "q": "0.01800000", "f": 199143119, "l": 199143119, "T": 1604225638816, "m": false, "M": true}, {"e": "aggTrade", "E": 1604225640037, "s": "ETHBTC", "a": 178115418, "p": "0.02822000", "q": "6.69600000", "f": 199143120, "l": 199143121, "T": 1604225640035, "m": true, "M": true}, {"e": "aggTrade", "E": 1604225641032, "s": "ETHBTC", "a": 178115419, "p": "0.02822100", "q": "0.29500000", "f": 199143122, "l": 199143122, "T": 1604225641031, "m": false, "M": true}, {"e": "aggTrade", "E": 1604225641245, "s": "ETHBTC", "a": 178115420, "p": "0.02822100", "q": "0.30500000", "f": 199143123, "l": 199143123, "T": 1604225641243, "m": false, "M": true}, {"e": "aggTrade", "E": 1604225646799, "s": "ETHBTC", "a": 178115421, "p": "0.02822300", "q": "16.48400000", "f": 199143124, "l": 199143125, "T": 1604225646798, "m": true, "M": true}, {"e": "aggTrade", "E": 1604225647853, "s": "ETHBTC", "a": 178115422, "p": "0.02822300", "q": "1.46600000", "f": 199143126, "l": 199143126, "T": 1604225647852, "m": true, "M": true}, {"e": "aggTrade", "E": 1604225647954, "s": "ETHBTC", "a": 178115423, "p": "0.02822300", "q": "0.79200000", "f": 199143127, "l": 199143127, "T": 1604225647953, "m": true, "M": true}, {"e": "aggTrade", "E": 1604225651615, "s": "ETHBTC", "a": 178115424, "p": "0.02822200", "q": "0.03600000", "f": 199143128, "l": 199143128, "T": 1604225651614, "m": true, "M": true}, {"e": "aggTrade", "E": 1604225661729, "s": "ETHBTC", "a": 178115425, "p": "0.02822600", "q": "14.54700000", "f": 199143129, "l": 199143131, "T": 1604225661728, "m": false, "M": true}, {"e": "aggTrade", "E": 1604225661748, "s": "ETHBTC", "a": 178115426, "p": "0.02822500", "q": "0.23200000", "f": 199143132, "l": 199143132, "T": 1604225661747, "m": true, "M": true}, {"e": "aggTrade", "E": 1604225669199, "s": "ETHBTC", "a": 178115427, "p": "0.02822300", "q": "0.30300000", "f": 199143133, "l": 199143133, "T": 1604225669198, "m": true, "M": true}, {"e": "aggTrade", "E": 1604225681595, "s": "ETHBTC", "a": 178115428, "p": "0.02822300", "q": "2.01200000", "f": 199143134, "l": 199143134, "T": 1604225681594, "m": true, "M": true}, {"e": "aggTrade", "E": 1604225681867, "s": "ETHBTC", "a": 178115429, "p": "0.02822300", "q": "0.31800000", "f": 199143135, "l": 199143135, "T": 1604225681865, "m": true, "M": true}, {"e": "aggTrade", "E": 1604225682103, "s": "ETHBTC", "a": 178115430, "p": "0.02822400", "q": "1.23800000", "f": 199143136, "l": 199143136, "T": 1604225682102, "m": false, "M": true}, {"e": "aggTrade", "E": 1604225682218, "s": "ETHBTC", "a": 178115431, "p": "0.02822300", "q": "7.08700000", "f": 199143137, "l": 199143137, "T": 1604225682216, "m": true, "M": true}, {"e": "aggTrade", "E": 1604225690391, "s": "ETHBTC", "a": 178115432, "p": "0.02822300", "q": "3.42000000", "f": 199143138, "l": 199143139, "T": 1604225690390, "m": true, "M": true}, {"e": "aggTrade", "E": 1604225692356, "s": "ETHBTC", "a": 178115433, "p": "0.02822500", "q": "0.14100000", "f": 199143140, "l": 199143140, "T": 1604225692355, "m": true, "M": true}, {"e": "aggTrade", "E": 1604225695942, "s": "ETHBTC", "a": 178115434, "p": "0.02822500", "q": "0.16800000", "f": 199143141, "l": 199143141, "T": 1604225695941, "m": false, "M": true}, {"e": "aggTrade", "E": 1604225698670, "s": "ETHBTC", "a": 178115435, "p": "0.02822500", "q": "0.75900000", "f": 199143142, "l": 199143142, "T": 1604225698669, "m": false, "M": true}, {"e": "aggTrade", "E": 1604225704118, "s": "ETHBTC", "a": 178115436, "p": "0.02822200", "q": "6.13900000", "f": 199143143, "l": 199143143, "T": 1604225704116, "m": true, "M": true}, {"e": "aggTrade", "E": 1604225704118, "s": "ETHBTC", "a": 178115437, "p": "0.02822100", "q": "8.00000000", "f": 199143144, "l": 199143144, "T": 1604225704116, "m": true, "M": true}, {"e": "aggTrade", "E": 1604225704118, "s": "ETHBTC", "a": 178115438, "p": "0.02821800", "q": "13.49500000", "f": 199143145, "l": 199143146, "T": 1604225704116, "m": true, "M": true}, {"e": "aggTrade", "E": 1604225705322, "s": "ETHBTC", "a": 178115439, "p": "0.02821600", "q": "0.31800000", "f": 199143147, "l": 199143147, "T": 1604225705319, "m": false, "M": true}, {"e": "aggTrade", "E": 1604225708395, "s": "ETHBTC", "a": 178115440, "p": "0.02821800", "q": "0.04000000", "f": 199143148, "l": 199143148, "T": 1604225708394, "m": false, "M": true}, {"e": "aggTrade", "E": 1604225709981, "s": "ETHBTC", "a": 178115441, "p": "0.02821500", "q": "2.10900000", "f": 199143149, "l": 199143149, "T": 1604225709980, "m": false, "M": true}, {"e": "aggTrade", "E": 1604225712610, "s": "ETHBTC", "a": 178115442, "p": "0.02821700", "q": "3.00000000", "f": 199143150, "l": 199143150, "T": 1604225712609, "m": false, "M": true}, {"e": "aggTrade", "E": 1604225712610, "s": "ETHBTC", "a": 178115443, "p": "0.02821800", "q": "2.22200000", "f": 199143151, "l": 199143151, "T": 1604225712609, "m": false, "M": true}, {"e": "aggTrade", "E": 1604225713169, "s": "ETHBTC", "a": 178115444, "p": "0.02821800", "q": "0.24800000", "f": 199143152, "l": 199143152, "T": 1604225713168, "m": false, "M": true}, {"e": "aggTrade", "E": 1604225713735, "s": "ETHBTC", "a": 178115445, "p": "0.02821700", "q": "0.01200000", "f": 199143153, "l": 199143153, "T": 1604225713734, "m": false, "M": true}, {"e": "aggTrade", "E": 1604225716520, "s": "ETHBTC", "a": 178115446, "p": "0.02821600", "q": "0.35200000", "f": 199143154, "l": 199143154, "T": 1604225716519, "m": true, "M": true}, {"e": "aggTrade", "E": 1604225716865, "s": "ETHBTC", "a": 178115447, "p": "0.02821600", "q": "0.31800000", "f": 199143155, "l": 199143155, "T": 1604225716864, "m": true, "M": true}, {"e": "aggTrade", "E": 1604225717049, "s": "ETHBTC", "a": 178115448, "p": "0.02821600", "q": "0.07100000", "f": 199143156, "l": 199143156, "T": 1604225717048, "m": true, "M": true}, {"e": "aggTrade", "E": 1604225717162, "s": "ETHBTC", "a": 178115449, "p": "0.02821600", "q": "0.07100000", "f": 199143157, "l": 199143157, "T": 1604225717161, "m": true, "M": true}, {"e": "aggTrade", "E": 1604225717367, "s": "ETHBTC", "a": 178115450, "p": "0.02821600", "q": "0.28800000", "f": 199143158, "l": 199143158, "T": 1604225717366, "m": true, "M": true}, {"e": "aggTrade", "E": 1604225717463, "s": "ETHBTC", "a": 178115451, "p": "0.02821600", "q": "0.31900000", "f": 199143159, "l": 199143159, "T": 1604225717462, "m": true, "M": true}, {"e": "aggTrade", "E": 1604225717777, "s": "ETHBTC", "a": 178115452, "p": "0.02821700", "q": "0.63700000", "f": 199143160, "l": 199143160, "T": 1604225717776, "m": true, "M": true}, {"e": "aggTrade", "E": 1604225718824, "s": "ETHBTC", "a": 178115453, "p": "0.02821800", "q": "1.32900000", "f": 199143161, "l": 199143161, "T": 1604225718823, "m": true, "M": true}, {"e": "aggTrade", "E": 1604225718881, "s": "ETHBTC", "a": 178115454, "p": "0.02821800", "q": "0.38900000", "f": 199143162, "l": 199143162, "T": 1604225718880, "m": true, "M": true}, {"e": "aggTrade", "E": 1604225718983, "s": "ETHBTC", "a": 178115455, "p": "0.02821800", "q": "0.14200000", "f": 199143163, "l": 199143163, "T": 1604225718982, "m": true, "M": true}, {"e": "aggTrade", "E": 1604225720221, "s": "ETHBTC", "a": 178115456, "p": "0.02821900", "q": "0.31800000", "f": 199143164, "l": 199143164, "T": 1604225720220, "m": true, "M": true}, {"e": "aggTrade", "E": 1604225722475, "s": "ETHBTC", "a": 178115457, "p": "0.02822100", "q": "0.03500000", "f": 199143165, "l": 199143165, "T": 1604225722474, "m": true, "M": true}, {"e": "aggTrade", "E": 1604225725751, "s": "ETHBTC", "a": 178115458, "p": "0.02822200", "q": "4.96800000", "f": 199143166, "l": 199143167, "T": 1604225725750, "m": false, "M": true}, {"e": "aggTrade", "E": 1604225728229, "s": "ETHBTC", "a": 178115459, "p": "0.02822500", "q": "0.14100000", "f": 199143168, "l": 199143168, "T": 1604225728228, "m": true, "M": true}, {"e": "aggTrade", "E": 1604225729180, "s": "ETHBTC", "a": 178115460, "p": "0.02822500", "q": "0.06400000", "f": 199143169, "l": 199143169, "T": 1604225729179, "m": true, "M": true}, {"e": "aggTrade", "E": 1604225741624, "s": "ETHBTC", "a": 178115461, "p": "0.02822500", "q": "0.15400000", "f": 199143170, "l": 199143170, "T": 1604225741623, "m": true, "M": true}, {"e": "aggTrade", "E": 1604225741849, "s": "ETHBTC", "a": 178115462, "p": "0.02822500", "q": "1.42400000", "f": 199143171, "l": 199143171, "T": 1604225741848, "m": true, "M": true}, {"e": "aggTrade", "E": 1604225744484, "s": "ETHBTC", "a": 178115463, "p": "0.02822500", "q": "0.08100000", "f": 199143172, "l": 199143172, "T": 1604225744483, "m": true, "M": true}, {"e": "aggTrade", "E": 1604225745161, "s": "ETHBTC", "a": 178115464, "p": "0.02822500", "q": "0.02800000", "f": 199143173, "l": 199143173, "T": 1604225745159, "m": true, "M": true}, {"e": "aggTrade", "E": 1604225747160, "s": "ETHBTC", "a": 178115465, "p": "0.02822500", "q": "0.02600000", "f": 199143174, "l": 199143174, "T": 1604225747159, "m": true, "M": true}, {"e": "aggTrade", "E": 1604225748160, "s": "ETHBTC", "a": 178115466, "p": "0.02822500", "q": "0.02600000", "f": 199143175, "l": 199143175, "T": 1604225748159, "m": true, "M": true}, {"e": "aggTrade", "E": 1604225754949, "s": "ETHBTC", "a": 178115467, "p": "0.02822600", "q": "0.05500000", "f": 199143176, "l": 199143177, "T": 1604225754948, "m": false, "M": true}, {"e": "aggTrade", "E": 1604225759227, "s": "ETHBTC", "a": 178115468, "p": "0.02822700", "q": "0.16800000", "f": 199143178, "l": 199143178, "T": 1604225759225, "m": false, "M": true}, {"e": "aggTrade", "E": 1604225760336, "s": "ETHBTC", "a": 178115469, "p": "0.02822700", "q": "0.46700000", "f": 199143179, "l": 199143179, "T": 1604225760334, "m": false, "M": true}, {"e": "aggTrade", "E": 1604225760336, "s": "ETHBTC", "a": 178115470, "p": "0.02823000", "q": "0.06000000", "f": 199143180, "l": 199143181, "T": 1604225760334, "m": false, "M": true}, {"e": "aggTrade", "E": 1604225760336, "s": "ETHBTC", "a": 178115471, "p": "0.02823100", "q": "0.25400000", "f": 199143182, "l": 199143183, "T": 1604225760334, "m": false, "M": true}, {"e": "aggTrade", "E": 1604225760336, "s": "ETHBTC", "a": 178115472, "p": "0.02823200", "q": "0.00800000", "f": 199143184, "l": 199143184, "T": 1604225760334, "m": false, "M": true}, {"e": "aggTrade", "E": 1604225760443, "s": "ETHBTC", "a": 178115473, "p": "0.02823200", "q": "2.17100000", "f": 199143185, "l": 199143185, "T": 1604225760442, "m": true, "M": true}, {"e": "aggTrade", "E": 1604225760918, "s": "ETHBTC", "a": 178115474, "p": "0.02822700", "q": "0.56000000", "f": 199143186, "l": 199143186, "T": 1604225760917, "m": true, "M": true}, {"e": "aggTrade", "E": 1604225762141, "s": "ETHBTC", "a": 178115475, "p": "0.02822600", "q": "0.13000000", "f": 199143187, "l": 199143187, "T": 1604225762140, "m": true, "M": true}