[{"e": "aggTrade", "E": 1604221202529, "s": "ETHBTC", "a": 178113193, "p": "0.02818200", "q": "2.02000000", "f": 199140696, "l": 199140696, "T": 1604221202527, "m": false, "M": true}, {"e": "aggTrade", "E": 1604221203060, "s": "ETHBTC", "a": 178113194, "p": "0.02818200", "q": "5.00000000", "f": 199140697, "l": 199140698, "T": 1604221203058, "m": false, "M": true}, {"e": "aggTrade", "E": 1604221211768, "s": "ETHBTC", "a": 178113195, "p": "0.02818100", "q": "5.00000000", "f": 199140699, "l": 199140700, "T": 1604221211766, "m": true, "M": true}, {"e": "aggTrade", "E": 1604221211873, "s": "ETHBTC", "a": 178113196, "p": "0.02818100", "q": "2.50000000", "f": 199140701, "l": 199140701, "T": 1604221211872, "m": true, "M": true}, {"e": "aggTrade", "E": 1604221212073, "s": "ETHBTC", "a": 178113197, "p": "0.02817900", "q": "5.41700000", "f": 199140702, "l": 199140702, "T": 1604221212072, "m": true, "M": true}, {"e": "aggTrade", "E": 1604221212246, "s": "ETHBTC", "a": 178113198, "p": "0.02817800", "q": "3.00000000", "f": 199140703, "l": 199140703, "T": 1604221212245, "m": true, "M": true}, {"e": "aggTrade", "E": 1604221212562, "s": "ETHBTC", "a": 178113199, "p": "0.02817700", "q": "3.00000000", "f": 199140704, "l": 199140704, "T": 1604221212560, "m": true, "M": true}, {"e": "aggTrade", "E": 1604221213836, "s": "ETHBTC", "a": 178113200, "p": "0.02817600", "q": "3.11200000", "f": 199140705, "l": 199140705, "T": 1604221213834, "m": true, "M": true}, {"e": "aggTrade", "E": 1604221216395, "s": "ETHBTC", "a": 178113201, "p": "0.02817600", "q": "5.00000000", "f": 199140706, "l": 199140707, "T": 1604221216393, "m": true, "M": true}, {"e": "aggTrade", "E": 1604221220175, "s": "ETHBTC", "a": 178113202, "p": "0.02817800", "q": "0.10000000", "f": 199140708, "l": 199140708, "T": 1604221220173, "m": false, "M": true}, {"e": "aggTrade", "E": 1604221226056, "s": "ETHBTC", "a": 178113203, "p": "0.02817700", "q": "0.00500000", "f": 199140709, "l": 199140709, "T": 1604221226055, "m": true, "M": true}, {"e": "aggTrade", "E": 1604221230474, "s": "ETHBTC", "a": 178113204, "p": "0.02818000", "q": "6.04000000", "f": 199140710, "l": 199140710, "T": 1604221230473, "m": true, "M": true}, {"e": "aggTrade", "E": 1604221230726, "s": "ETHBTC", "a": 178113205, "p": "0.02817900", "q": "0.00400000", "f": 199140711, "l": 199140711, "T": 1604221230725, "m": false, "M": true}, {"e": "aggTrade", "E": 1604221234591, "s": "ETHBTC", "a": 178113206, "p": "0.02818100", "q": "2.14000000", "f": 199140712, "l": 199140712, "T": 1604221234590, "m": false, "M": true}, {"e": "aggTrade", "E": 1604221240412, "s": "ETHBTC", "a": 178113207, "p": "0.02817800", "q": "0.94000000", "f": 199140713, "l": 199140713, "T": 1604221240410, "m": false, "M": true}, {"e": "aggTrade", "E": 1604221246791, "s": "ETHBTC", "a": 178113208, "p": "0.02817900", "q": "0.27700000", "f": 199140714, "l": 199140714, "T": 1604221246790, "m": true, "M": true}, {"e": "aggTrade", "E": 1604221247616, "s": "ETHBTC", "a": 178113209, "p": "0.02817800", "q": "0.31900000", "f": 199140715, "l": 199140715, "T": 1604221247614, "m": true, "M": true}, {"e": "aggTrade", "E": 1604221247717, "s": "ETHBTC", "a": 178113210, "p": "0.02817800", "q": "0.31900000", "f": 199140716, "l": 199140716, "T": 1604221247716, "m": true, "M": true}, {"e": "aggTrade", "E": 1604221248957, "s": "ETHBTC", "a": 178113211, "p": "0.02818000", "q": "0.16600000", "f": 199140717, "l": 199140717, "T": 1604221248955, "m": false, "M": true}, {"e": "aggTrade", "E": 1604221260355, "s": "ETHBTC", "a": 178113212, "p": "0.02818000", "q": "0.44700000", "f": 199140718, "l": 199140718, "T": 1604221260354, "m": false, "M": true}, {"e": "aggTrade", "E": 1604221262653, "s": "ETHBTC", "a": 178113213, "p": "0.02817900", "q": "0.00400000", "f": 199140719, "l": 199140719, "T": 1604221262652, "m": false, "M": true}, {"e": "aggTrade", "E": 1604221273602, "s": "ETHBTC", "a": 178113214, "p": "0.02817600", "q": "4.12800000", "f": 199140720, "l": 199140720, "T": 1604221273600, "m": true, "M": true}, {"e": "aggTrade", "E": 1604221273700, "s": "ETHBTC", "a": 178113215, "p": "0.02817600", "q": "2.69600000", "f": 199140721, "l": 199140722, "T": 1604221273698, "m": true, "M": true}, {"e": "aggTrade", "E": 1604221282595, "s": "ETHBTC", "a": 178113216, "p": "0.02817600", "q": "0.00400000", "f": 199140723, "l": 199140723, "T": 1604221282594, "m": false, "M": true}, {"e": "aggTrade", "E": 1604221294656, "s": "ETHBTC", "a": 178113217, "p": "0.02817500", "q": "5.78100000", "f": 199140724, "l": 199140724, "T": 1604221294655, "m": true, "M": true}, {"e": "aggTrade", "E": 1604221294859, "s": "ETHBTC", "a": 178113218, "p": "0.02817600", "q": "3.00000000", "f": 199140725, "l": 199140725, "T": 1604221294858, "m": false, "M": true}, {"e": "aggTrade", "E": 1604221307945, "s": "ETHBTC", "a": 178113219, "p": "0.02817600", "q": "0.25300000", "f": 199140726, "l": 199140726, "T": 1604221307944, "m": false, "M": true}, {"e": "aggTrade", "E": 1604221308656, "s": "ETHBTC", "a": 178113220, "p": "0.02817600", "q": "0.03900000", "f": 199140727, "l": 199140727, "T": 1604221308655, "m": false, "M": true}, {"e": "aggTrade", "E": 1604221309140, "s": "ETHBTC", "a": 178113221, "p": "0.02817500", "q": "0.00500000", "f": 199140728, "l": 199140728, "T": 1604221309139, "m": true, "M": true}, {"e": "aggTrade", "E": 1604221324705, "s": "ETHBTC", "a": 178113222, "p": "0.02817500", "q": "2.76200000", "f": 199140729, "l": 199140729, "T": 1604221324703, "m": true, "M": true}, {"e": "aggTrade", "E": 1604221324837, "s": "ETHBTC", "a": 178113223, "p": "0.02817500", "q": "0.31900000", "f": 199140730, "l": 199140730, "T": 1604221324835, "m": true, "M": true}, {"e": "aggTrade", "E": 1604221324987, "s": "ETHBTC", "a": 178113224, "p": "0.02817500", "q": "0.07000000", "f": 199140731, "l": 199140731, "T": 1604221324985, "m": true, "M": true}, {"e": "aggTrade", "E": 1604221325616, "s": "ETHBTC", "a": 178113225, "p": "0.02817500", "q": "10.91200000", "f": 199140732, "l": 199140732, "T": 1604221325615, "m": true, "M": true}, {"e": "aggTrade", "E": 1604221336733, "s": "ETHBTC", "a": 178113226, "p": "0.02816900", "q": "3.55000000", "f": 199140733, "l": 199140733, "T": 1604221336732, "m": true, "M": true}, {"e": "aggTrade", "E": 1604221336733, "s": "ETHBTC", "a": 178113227, "p": "0.02816800", "q": "0.28300000", "f": 199140734, "l": 199140734, "T": 1604221336732, "m": true, "M": true}, {"e": "aggTrade", "E": 1604221345099, "s": "ETHBTC", "a": 178113228, "p": "0.02816600", "q": "0.13700000", "f": 199140735, "l": 199140735, "T": 1604221345098, "m": true, "M": true}, {"e": "aggTrade", "E": 1604221345099, "s": "ETHBTC", "a": 178113229, "p": "0.02816500", "q": "0.04300000", "f": 199140736, "l": 199140736, "T": 1604221345098, "m": true, "M": true}, {"e": "aggTrade", "E": 1604221345257, "s": "ETHBTC", "a": 178113230, "p": "0.02816700", "q": "5.03600000", "f": 199140737, "l": 199140738, "T": 1604221345255, "m": false, "M": true}, {"e": "aggTrade", "E": 1604221351196, "s": "ETHBTC", "a": 178113231, "p": "0.02817000", "q": "0.02900000", "f": 199140739, "l": 199140740, "T": 1604221351195, "m": false, "M": true}, {"e": "aggTrade", "E": 1604221351630, "s": "ETHBTC", "a": 178113232, "p": "0.02817400", "q": "0.05000000", "f": 199140741, "l": 199140741, "T": 1604221351629, "m": true, "M": true}, {"e": "aggTrade", "E": 1604221361036, "s": "ETHBTC", "a": 178113233, "p": "0.02817600", "q": "6.82100000", "f": 199140742, "l": 199140742, "T": 1604221361035, "m": true, "M": true}, {"e": "aggTrade", "E": 1604221361259, "s": "ETHBTC", "a": 178113234, "p": "0.02817600", "q": "0.20500000", "f": 199140743, "l": 199140743, "T": 1604221361258, "m": true, "M": true}, {"e": "aggTrade", "E": 1604221363421, "s": "ETHBTC", "a": 178113235, "p": "0.02817600", "q": "3.55000000", "f": 199140744, "l": 199140744, "T": 1604221363420, "m": true, "M": true}, {"e": "aggTrade", "E": 1604221364047, "s": "ETHBTC", "a": 178113236, "p": "0.02817600", "q": "17.87600000", "f": 199140745, "l": 199140745, "T": 1604221364046, "m": true, "M": true}, {"e": "aggTrade", "E": 1604221365316, "s": "ETHBTC", "a": 178113237, "p": "0.02817600", "q": "10.59300000", "f": 199140746, "l": 199140747, "T": 1604221365314, "m": true, "M": true}, {"e": "aggTrade", "E": 1604221378478, "s": "ETHBTC", "a": 178113238, "p": "0.02817400", "q": "1.00000000", "f": 199140748, "l": 199140748, "T": 1604221378476, "m": true, "M": true}, {"e": "aggTrade", "E": 1604221378690, "s": "ETHBTC", "a": 178113239, "p": "0.02817300", "q": "17.62700000", "f": 199140749, "l": 199140749, "T": 1604221378689, "m": true, "M": true}, {"e": "aggTrade", "E": 1604221383570, "s": "ETHBTC", "a": 178113240, "p": "0.02817400", "q": "0.37100000", "f": 199140750, "l": 199140750, "T": 1604221383569, "m": true, "M": true}, {"e": "aggTrade", "E": 1604221383955, "s": "ETHBTC", "a": 178113241, "p": "0.02817400", "q": "0.35400000", "f": 199140751, "l": 199140751, "T": 1604221383954, "m": true, "M": true}, {"e": "aggTrade", "E": 1604221384157, "s": "ETHBTC", "a": 178113242, "p": "0.02817400", "q": "0.07100000", "f": 199140752, "l": 199140752, "T": 1604221384156, "m": true, "M": true}, {"e": "aggTrade", "E": 1604221384787, "s": "ETHBTC", "a": 178113243, "p": "0.02817300", "q": "0.63500000", "f": 199140753, "l": 199140753, "T": 1604221384786, "m": true, "M": true}, {"e": "aggTrade", "E": 1604221386074, "s": "ETHBTC", "a": 178113244, "p": "0.02817100", "q": "0.01500000", "f": 199140754, "l": 199140754, "T": 1604221386072, "m": true, "M": true}, {"e": "aggTrade", "E": 1604221398047, "s": "ETHBTC", "a": 178113245, "p": "0.02816600", "q": "5.96700000", "f": 199140755, "l": 199140755, "T": 1604221398045, "m": false, "M": true}, {"e": "aggTrade", "E": 1604221398661, "s": "ETHBTC", "a": 178113246, "p": "0.02816700", "q": "0.47300000", "f": 199140756, "l": 199140756, "T": 1604221398660, "m": false, "M": true}, {"e": "aggTrade", "E": 1604221408580, "s": "ETHBTC", "a": 178113247, "p": "0.02816700", "q": "0.03700000", "f": 199140757, "l": 199140757, "T": 1604221408578, "m": false, "M": true}, {"e": "aggTrade", "E": 1604221413894, "s": "ETHBTC", "a": 178113248, "p": "0.02816700", "q": "0.55300000", "f": 199140758, "l": 199140758, "T": 1604221413893, "m": false, "M": true}, {"e": "aggTrade", "E": 1604221413932, "s": "ETHBTC", "a": 178113249, "p": "0.02816700", "q": "0.37100000", "f": 199140759, "l": 199140759, "T": 1604221413931, "m": false, "M": true}, {"e": "aggTrade", "E": 1604221414989, "s": "ETHBTC", "a": 178113250, "p": "0.02816600", "q": "0.06500000", "f": 199140760, "l": 199140760, "T": 1604221414988, "m": false, "M": true}, {"e": "aggTrade", "E": 1604221416435, "s": "ETHBTC", "a": 178113251, "p": "0.02816600", "q": "0.03500000", "f": 199140761, "l": 199140761, "T": 1604221416434, "m": false, "M": true}, {"e": "aggTrade", "E": 1604221421972, "s": "ETHBTC", "a": 178113252, "p": "0.02817100", "q": "0.05000000", "f": 199140762, "l": 199140762, "T": 1604221421970, "m": true, "M": true}, {"e": "aggTrade", "E": 1604221431713, "s": "ETHBTC", "a": 178113253, "p": "0.02817000", "q": "2.78300000", "f": 199140763, "l": 199140763, "T": 1604221431712, "m": false, "M": true}, {"e": "aggTrade", "E": 1604221436532, "s": "ETHBTC", "a": 178113254, "p": "0.02817000", "q": "5.64600000", "f": 199140764, "l": 199140764, "T": 1604221436531, "m": true, "M": true}, {"e": "aggTrade", "E": 1604221437153, "s": "ETHBTC", "a": 178113255, "p": "0.02816700", "q": "5.00000000", "f": 199140765, "l": 199140765, "T": 1604221437152, "m": false, "M": true}, {"e": "aggTrade", "E": 1604221439256, "s": "ETHBTC", "a": 178113256, "p": "0.02816900", "q": "0.62900000", "f": 199140766, "l": 199140766, "T": 1604221439255, "m": true, "M": true}, {"e": "aggTrade", "E": 1604221440031, "s": "ETHBTC", "a": 178113257, "p": "0.02817000", "q": "0.31900000", "f": 199140767, "l": 199140767, "T": 1604221440030, "m": true, "M": true}, {"e": "aggTrade", "E": 1604221453709, "s": "ETHBTC", "a": 178113258, "p": "0.02817000", "q": "0.31900000", "f": 199140768, "l": 199140768, "T": 1604221453707, "m": true, "M": true}, {"e": "aggTrade", "E": 1604221454771, "s": "ETHBTC", "a": 178113259, "p": "0.02816800", "q": "0.09600000", "f": 199140769, "l": 199140769, "T": 1604221454769, "m": true, "M": true}, {"e": "aggTrade", "E": 1604221459637, "s": "ETHBTC", "a": 178113260, "p": "0.02816600", "q": "0.09600000", "f": 199140770, "l": 199140770, "T": 1604221459636, "m": true, "M": true}, {"e": "aggTrade", "E": 1604221459637, "s": "ETHBTC", "a": 178113261, "p": "0.02816300", "q": "0.14400000", "f": 199140771, "l": 199140772, "T": 1604221459636, "m": true, "M": true}, {"e": "aggTrade", "E": 1604221462317, "s": "ETHBTC", "a": 178113262, "p": "0.02816400", "q": "0.31900000", "f": 199140773, "l": 199140773, "T": 1604221462316, "m": true, "M": true}, {"e": "aggTrade", "E": 1604221465453, "s": "ETHBTC", "a": 178113263, "p": "0.02816700", "q": "1.26000000", "f": 199140774, "l": 199140774, "T": 1604221465452, "m": true, "M": true}, {"e": "aggTrade", "E": 1604221465768, "s": "ETHBTC", "a": 178113264, "p": "0.02816800", "q": "5.11400000", "f": 199140775, "l": 199140775, "T": 1604221465766, "m": false, "M": true}, {"e": "aggTrade", "E": 1604221470532, "s": "ETHBTC", "a": 178113265, "p": "0.02816800", "q": "3.60900000", "f": 199140776, "l": 199140777, "T": 1604221470530, "m": true, "M": true}, {"e": "aggTrade", "E": 1604221470634, "s": "ETHBTC", "a": 178113266, "p": "0.02816300", "q": "1.00000000", "f": 199140778, "l": 199140778, "T": 1604221470632, "m": true, "M": true}, {"e": "aggTrade", "E": 1604221471445, "s": "ETHBTC", "a": 178113267, "p": "0.02816600", "q": "0.31900000", "f": 199140779, "l": 199140779, "T": 1604221471444, "m": true, "M": true}, {"e": "aggTrade", "E": 1604221471548, "s": "ETHBTC", "a": 178113268, "p": "0.02816600", "q": "0.07100000", "f": 199140780, "l": 199140780, "T": 1604221471546, "m": true, "M": true}, {"e": "aggTrade", "E": 1604221473364, "s": "ETHBTC", "a": 178113269, "p": "0.02816700", "q": "0.31900000", "f": 199140781, "l": 199140781, "T": 1604221473362, "m": true, "M": true}, {"e": "aggTrade", "E": 1604221473463, "s": "ETHBTC", "a": 178113270, "p": "0.02816600", "q": "5.00000000", "f": 199140782, "l": 199140783, "T": 1604221473461, "m": true, "M": true}, {"e": "aggTrade", "E": 1604221473569, "s": "ETHBTC", "a": 178113271, "p": "0.02816600", "q": "19.29600000", "f": 199140784, "l": 199140784, "T": 1604221473567, "m": true, "M": true}, {"e": "aggTrade", "E": 1604221474721, "s": "ETHBTC", "a": 178113272, "p": "0.02816700", "q": "0.25200000", "f": 199140785, "l": 199140785, "T": 1604221474720, "m": true, "M": true}, {"e": "aggTrade", "E": 1604221475138, "s": "ETHBTC", "a": 178113273, "p": "0.02816800", "q": "0.46200000", "f": 199140786, "l": 199140786, "T": 1604221475137, "m": true, "M": true}, {"e": "aggTrade", "E": 1604221475662, "s": "ETHBTC", "a": 178113274, "p": "0.02816800", "q": "0.31900000", "f": 199140787, "l": 199140787, "T": 1604221475661, "m": true, "M": true}, {"e": "aggTrade", "E": 1604221476832, "s": "ETHBTC", "a": 178113275, "p": "0.02816800", "q": "0.31900000", "f": 199140788, "l": 199140788, "T": 1604221476831, "m": true, "M": true}, {"e": "aggTrade", "E": 1604221476910, "s": "ETHBTC", "a": 178113276, "p": "0.02816800", "q": "0.07100000", "f": 199140789, "l": 199140789, "T": 1604221476909, "m": true, "M": true}, {"e": "aggTrade", "E": 1604221479321, "s": "ETHBTC", "a": 178113277, "p": "0.02816700", "q": "0.37300000", "f": 199140790, "l": 199140790, "T": 1604221479319, "m": true, "M": true}, {"e": "aggTrade", "E": 1604221479431, "s": "ETHBTC", "a": 178113278, "p": "0.02816800", "q": "0.61100000", "f": 199140791, "l": 199140791, "T": 1604221479429, "m": true, "M": true}, {"e": "aggTrade", "E": 1604221479848, "s": "ETHBTC", "a": 178113279, "p": "0.02816800", "q": "0.34500000", "f": 199140792, "l": 199140792, "T": 1604221479847, "m": true, "M": true}, {"e": "aggTrade", "E": 1604221481164, "s": "ETHBTC", "a": 178113280, "p": "0.02816800", "q": "9.13800000", "f": 199140793, "l": 199140794, "T": 1604221481163, "m": true, "M": true}, {"e": "aggTrade", "E": 1604221482097, "s": "ETHBTC", "a": 178113281, "p": "0.02816900", "q": "0.04800000", "f": 199140795, "l": 199140795, "T": 1604221482095, "m": true, "M": true}, {"e": "aggTrade", "E": 1604221482098, "s": "ETHBTC", "a": 178113282, "p": "0.02816900", "q": "0.04800000", "f": 199140796, "l": 199140796, "T": 1604221482095, "m": true, "M": true}, {"e": "aggTrade", "E": 1604221482098, "s": "ETHBTC", "a": 178113283, "p": "0.02816900", "q": "0.04800000", "f": 199140797, "l": 199140797, "T": 1604221482095, "m": true, "M": true}, {"e": "aggTrade", "E": 1604221482098, "s": "ETHBTC", "a": 178113284, "p": "0.02816900", "q": "0.04800000", "f": 199140798, "l": 199140798, "T": 1604221482095, "m": true, "M": true}, {"e": "aggTrade", "E": 1604221482098, "s": "ETHBTC", "a": 178113285, "p": "0.02816900", "q": "0.04800000", "f": 199140799, "l": 199140799, "T": 1604221482095, "m": true, "M": true}, {"e": "aggTrade", "E": 1604221482099, "s": "ETHBTC", "a": 178113286, "p": "0.02816900", "q": "0.04800000", "f": 199140800, "l": 199140800, "T": 1604221482095, "m": true, "M": true}, {"e": "aggTrade", "E": 1604221482100, "s": "ETHBTC", "a": 178113287, "p": "0.02816900", "q": "0.04800000", "f": 199140801, "l": 199140801, "T": 1604221482095, "m": true, "M": true}, {"e": "aggTrade", "E": 1604221482100, "s": "ETHBTC", "a": 178113288, "p": "0.02816900", "q": "0.04800000", "f": 199140802, "l": 199140802, "T": 1604221482096, "m": true, "M": true}, {"e": "aggTrade", "E": 1604221482101, "s": "ETHBTC", "a": 178113289, "p": "0.02816900", "q": "0.04800000", "f": 199140803, "l": 199140803, "T": 1604221482096, "m": true, "M": true}, {"e": "aggTrade", "E": 1604221482101, "s": "ETHBTC", "a": 178113290, "p": "0.02816900", "q": "0.04800000", "f": 199140804, "l": 199140804, "T": 1604221482096, "m": true, "M": true}, {"e": "aggTrade", "E": 1604221482102, "s": "ETHBTC", "a": 178113291, "p": "0.02816900", "q": "0.04800000", "f": 199140805, "l": 199140805, "T": 1604221482096, "m": true, "M": true}, {"e": "aggTrade", "E": 1604221482102, "s": "ETHBTC", "a": 178113292, "p": "0.02816900", "q": "0.04800000", "f": 199140806, "l": 199140806, "T": 1604221482096, "m": true, "M": true}, {"e": "aggTrade", "E": 1604221482102, "s": "ETHBTC", "a": 178113293, "p": "0.02816900", "q": "0.04800000", "f": 199140807, "l": 199140807, "T": 1604221482096, "m": true, "M": true}, {"e": "aggTrade", "E": 1604221482102, "s": "ETHBTC", "a": 178113294, "p": "0.02816900", "q": "0.04800000", "f": 199140808, "l": 199140808, "T": 1604221482096, "m": true, "M": true}, {"e": "aggTrade", "E": 1604221482103, "s": "ETHBTC", "a": 178113295, "p": "0.02816900", "q": "0.04800000", "f": 199140809, "l": 199140809, "T": 1604221482096, "m": true, "M": true}, {"e": "aggTrade", "E": 1604221482104, "s": "ETHBTC", "a": 178113296, "p": "0.02816900", "q": "0.04800000", "f": 199140810, "l": 199140810, "T": 1604221482096, "m": true, "M": true}, {"e": "aggTrade", "E": 1604221482104, "s": "ETHBTC", "a": 178113297, "p": "0.02816900", "q": "0.04800000", "f": 199140811, "l": 199140811, "T": 1604221482097, "m": true, "M": true}, {"e": "aggTrade", "E": 1604221482105, "s": "ETHBTC", "a": 178113298, "p": "0.02816900", "q": "0.04800000", "f": 199140812, "l": 199140812, "T": 1604221482097, "m": true, "M": true}, {"e": "aggTrade", "E": 1604221482107, "s": "ETHBTC", "a": 178113299, "p": "0.02816900", "q": "0.04800000", "f": 199140813, "l": 199140813, "T": 1604221482097, "m": true, "M": true}, {"e": "aggTrade", "E": 1604221482108, "s": "ETHBTC", "a": 178113300, "p": "0.02816900", "q": "0.04800000", "f": 199140814, "l": 199140814, "T": 1604221482098, "m": true, "M": true}, {"e": "aggTrade", "E": 1604221482108, "s": "ETHBTC", "a": 178113301, "p": "0.02816900", "q": "0.04800000", "f": 199140815, "l": 199140815, "T": 1604221482098, "m": true, "M": true}, {"e": "aggTrade", "E": 1604221482108, "s": "ETHBTC", "a": 178113302, "p": "0.02816900", "q": "0.04800000", "f": 199140816, "l": 199140816, "T": 1604221482098, "m": true, "M": true}, {"e": "aggTrade", "E": 1604221482108, "s": "ETHBTC", "a": 178113303, "p": "0.02816900", "q": "0.04800000", "f": 199140817, "l": 199140817, "T": 1604221482098, "m": true, "M": true}, {"e": "aggTrade", "E": 1604221482108, "s": "ETHBTC", "a": 178113304, "p": "0.02816900", "q": "0.04800000", "f": 199140818, "l": 199140818, "T": 1604221482098, "m": true, "M": true}, {"e": "aggTrade", "E": 1604221482109, "s": "ETHBTC", "a": 178113305, "p": "0.02816900", "q": "0.04800000", "f": 199140819, "l": 199140819, "T": 1604221482098, "m": true, "M": true}, {"e": "aggTrade", "E": 1604221482109, "s": "ETHBTC", "a": 178113306, "p": "0.02816900", "q": "0.04800000", "f": 199140820, "l": 199140820, "T": 1604221482098, "m": true, "M": true}, {"e": "aggTrade", "E": 1604221482110, "s": "ETHBTC", "a": 178113307, "p": "0.02816900", "q": "0.04800000", "f": 199140821, "l": 199140821, "T": 1604221482099, "m": true, "M": true}, {"e": "aggTrade", "E": 1604221482110, "s": "ETHBTC", "a": 178113308, "p": "0.02816900", "q": "0.04800000", "f": 199140822, "l": 199140822, "T": 1604221482099, "m": true, "M": true}, {"e": "aggTrade", "E": 1604221482111, "s": "ETHBTC", "a": 178113309, "p": "0.02816900", "q": "0.04800000", "f": 199140823, "l": 199140823, "T": 1604221482100, "m": true, "M": true}, {"e": "aggTrade", "E": 1604221482112, "s": "ETHBTC", "a": 178113310, "p": "0.02816900", "q": "0.04800000", "f": 199140824, "l": 199140824, "T": 1604221482100, "m": true, "M": true}, {"e": "aggTrade", "E": 1604221482112, "s": "ETHBTC", "a": 178113311, "p": "0.02816900", "q": "0.04800000", "f": 199140825, "l": 199140825, "T": 1604221482100, "m": true, "M": true}, {"e": "aggTrade", "E": 1604221482112, "s": "ETHBTC", "a": 178113312, "p": "0.02816900", "q": "0.04800000", "f": 199140826, "l": 199140826, "T": 1604221482100, "m": true, "M": true}, {"e": "aggTrade", "E": 1604221482112, "s": "ETHBTC", "a": 178113313, "p": "0.02816900", "q": "0.04800000", "f": 199140827, "l": 199140827, "T": 1604221482100, "m": true, "M": true}, {"e": "aggTrade", "E": 1604221482113, "s": "ETHBTC", "a": 178113314, "p": "0.02816900", "q": "0.04800000", "f": 199140828, "l": 199140828, "T": 1604221482100, "m": true, "M": true}, {"e": "aggTrade", "E": 1604221482113, "s": "ETHBTC", "a": 178113315, "p": "0.02816900", "q": "0.04800000", "f": 199140829, "l": 199140829, "T": 1604221482100, "m": true, "M": true}, {"e": "aggTrade", "E": 1604221482113, "s": "ETHBTC", "a": 178113316, "p": "0.02816900", "q": "0.04800000", "f": 199140830, "l": 199140830, "T": 1604221482100, "m": true, "M": true}, {"e": "aggTrade", "E": 1604221482113, "s": "ETHBTC", "a": 178113317, "p": "0.02816900", "q": "0.04800000", "f": 199140831, "l": 199140831, "T": 1604221482100, "m": true, "M": true}, {"e": "aggTrade", "E": 1604221482113, "s": "ETHBTC", "a": 178113318, "p": "0.02816900", "q": "0.04800000", "f": 199140832, "l": 199140832, "T": 1604221482100, "m": true, "M": true}, {"e": "aggTrade", "E": 1604221482115, "s": "ETHBTC", "a": 178113319, "p": "0.02816900", "q": "0.04800000", "f": 199140833, "l": 199140833, "T": 1604221482100, "m": true, "M": true}, {"e": "aggTrade", "E": 1604221482115, "s": "ETHBTC", "a": 178113320, "p": "0.02816900", "q": "0.04800000", "f": 199140834, "l": 199140834, "T": 1604221482101, "m": true, "M": true}, {"e": "aggTrade", "E": 1604221482117, "s": "ETHBTC", "a": 178113321, "p": "0.02816900", "q": "0.04800000", "f": 199140835, "l": 199140835, "T": 1604221482101, "m": true, "M": true}, {"e": "aggTrade", "E": 1604221482118, "s": "ETHBTC", "a": 178113322, "p": "0.02816900", "q": "0.04800000", "f": 199140836, "l": 199140836, "T": 1604221482102, "m": true, "M": true}, {"e": "aggTrade", "E": 1604221482119, "s": "ETHBTC", "a": 178113323, "p": "0.02816900", "q": "0.04800000", "f": 199140837, "l": 199140837, "T": 1604221482102, "m": true, "M": true}, {"e": "aggTrade", "E": 1604221482120, "s": "ETHBTC", "a": 178113324, "p": "0.02816900", "q": "0.04800000", "f": 199140838, "l": 199140838, "T": 1604221482102, "m": true, "M": true}, {"e": "aggTrade", "E": 1604221482121, "s": "ETHBTC", "a": 178113325, "p": "0.02816900", "q": "0.04800000", "f": 199140839, "l": 199140839, "T": 1604221482102, "m": true, "M": true}, {"e": "aggTrade", "E": 1604221482121, "s": "ETHBTC", "a": 178113326, "p": "0.02816900", "q": "0.04800000", "f": 199140840, "l": 199140840, "T": 1604221482102, "m": true, "M": true}, {"e": "aggTrade", "E": 1604221482122, "s": "ETHBTC", "a": 178113327, "p": "0.02816900", "q": "0.04800000", "f": 199140841, "l": 199140841, "T": 1604221482103, "m": true, "M": true}, {"e": "aggTrade", "E": 1604221482124, "s": "ETHBTC", "a": 178113328, "p": "0.02816900", "q": "0.04800000", "f": 199140842, "l": 199140842, "T": 1604221482103, "m": true, "M": true}, {"e": "aggTrade", "E": 1604221482124, "s": "ETHBTC", "a": 178113329, "p": "0.02816900", "q": "0.04800000", "f": 199140843, "l": 199140843, "T": 1604221482103, "m": true, "M": true}, {"e": "aggTrade", "E": 1604221482128, "s": "ETHBTC", "a": 178113330, "p": "0.02816900", "q": "0.04800000", "f": 199140844, "l": 199140844, "T": 1604221482105, "m": true, "M": true}, {"e": "aggTrade", "E": 1604221482132, "s": "ETHBTC", "a": 178113331, "p": "0.02816900", "q": "0.04800000", "f": 199140845, "l": 199140845, "T": 1604221482107, "m": true, "M": true}, {"e": "aggTrade", "E": 1604221482132, "s": "ETHBTC", "a": 178113332, "p": "0.02816900", "q": "0.04800000", "f": 199140846, "l": 199140846, "T": 1604221482108, "m": true, "M": true}, {"e": "aggTrade", "E": 1604221482134, "s": "ETHBTC", "a": 178113333, "p": "0.02816900", "q": "0.04800000", "f": 199140847, "l": 199140847, "T": 1604221482109, "m": true, "M": true}, {"e": "aggTrade", "E": 1604221482135, "s": "ETHBTC", "a": 178113334, "p": "0.02816900", "q": "0.04800000", "f": 199140848, "l": 199140848, "T": 1604221482109, "m": true, "M": true}, {"e": "aggTrade", "E": 1604221482139, "s": "ETHBTC", "a": 178113335, "p": "0.02816900", "q": "0.04800000", "f": 199140849, "l": 199140849, "T": 1604221482112, "m": true, "M": true}, {"e": "aggTrade", "E": 1604221482156, "s": "ETHBTC", "a": 178113336, "p": "0.02817400", "q": "0.20500000", "f": 199140850, "l": 199140850, "T": 1604221482142, "m": false, "M": true}, {"e": "aggTrade", "E": 1604221482156, "s": "ETHBTC", "a": 178113337, "p": "0.02817500", "q": "2.37700000", "f": 199140851, "l": 199140852, "T": 1604221482142, "m": false, "M": true}, {"e": "aggTrade", "E": 1604221482194, "s": "ETHBTC", "a": 178113338, "p": "0.02817000", "q": "2.67900000", "f": 199140853, "l": 199140853, "T": 1604221482193, "m": true, "M": true}, {"e": "aggTrade", "E": 1604221483207, "s": "ETHBTC", "a": 178113339, "p": "0.02817100", "q": "6.00000000", "f": 199140854, "l": 199140854, "T": 1604221483206, "m": false, "M": true}, {"e": "aggTrade", "E": 1604221484372, "s": "ETHBTC", "a": 178113340, "p": "0.02817200", "q": "5.31000000", "f": 199140855, "l": 199140855, "T": 1604221484371, "m": false, "M": true}, {"e": "aggTrade", "E": 1604221484430, "s": "ETHBTC", "a": 178113341, "p": "0.02817100", "q": "2.65100000", "f": 199140856, "l": 199140856, "T": 1604221484428, "m": true, "M": true}, {"e": "aggTrade", "E": 1604221485730, "s": "ETHBTC", "a": 178113342, "p": "0.02817200", "q": "3.00000000", "f": 199140857, "l": 199140857, "T": 1604221485728, "m": false, "M": true}, {"e": "aggTrade", "E": 1604221485848, "s": "ETHBTC", "a": 178113343, "p": "0.02817300", "q": "3.00000000", "f": 199140858, "l": 199140858, "T": 1604221485846, "m": false, "M": true}, {"e": "aggTrade", "E": 1604221487010, "s": "ETHBTC", "a": 178113344, "p": "0.02817400", "q": "5.64300000", "f": 199140859, "l": 199140859, "T": 1604221487009, "m": false, "M": true}, {"e": "aggTrade", "E": 1604221489647, "s": "ETHBTC", "a": 178113345, "p": "0.02817500", "q": "0.16200000", "f": 199140860, "l": 199140860, "T": 1604221489646, "m": true, "M": true}, {"e": "aggTrade", "E": 1604221493481, "s": "ETHBTC", "a": 178113346, "p": "0.02817600", "q": "0.24100000", "f": 199140861, "l": 199140862, "T": 1604221493480, "m": false, "M": true}, {"e": "aggTrade", "E": 1604221493689, "s": "ETHBTC", "a": 178113347, "p": "0.02817700", "q": "6.62200000", "f": 199140863, "l": 199140863, "T": 1604221493687, "m": false, "M": true}, {"e": "aggTrade", "E": 1604221495353, "s": "ETHBTC", "a": 178113348, "p": "0.02817700", "q": "1.00000000", "f": 199140864, "l": 199140864, "T": 1604221495352, "m": false, "M": true}, {"e": "aggTrade", "E": 1604221499512, "s": "ETHBTC", "a": 178113349, "p": "0.02817700", "q": "0.01900000", "f": 199140865, "l": 199140865, "T": 1604221499511, "m": true, "M": true}, {"e": "aggTrade", "E": 1604221500862, "s": "ETHBTC", "a": 178113350, "p": "0.02817800", "q": "0.00800000", "f": 199140866, "l": 199140866, "T": 1604221500860, "m": false, "M": true}, {"e": "aggTrade", "E": 1604221501273, "s": "ETHBTC", "a": 178113351, "p": "0.02817700", "q": "1.23500000", "f": 199140867, "l": 199140867, "T": 1604221501272, "m": true, "M": true}, {"e": "aggTrade", "E": 1604221502804, "s": "ETHBTC", "a": 178113352, "p": "0.02817700", "q": "0.04400000", "f": 199140868, "l": 199140868, "T": 1604221502803, "m": true, "M": true}, {"e": "aggTrade", "E": 1604221504894, "s": "ETHBTC", "a": 178113353, "p": "0.02817200", "q": "0.07900000", "f": 199140869, "l": 199140869, "T": 1604221504893, "m": false, "M": true}, {"e": "aggTrade", "E": 1604221505831, "s": "ETHBTC", "a": 178113354, "p": "0.02817000", "q": "1.00000000", "f": 199140870, "l": 199140870, "T": 1604221505830, "m": true, "M": true}, {"e": "aggTrade", "E": 1604221511227, "s": "ETHBTC", "a": 178113355, "p": "0.02816800", "q": "0.92900000", "f": 199140871, "l": 199140871, "T": 1604221511224, "m": true, "M": true}, {"e": "aggTrade", "E": 1604221519711, "s": "ETHBTC", "a": 178113356, "p": "0.02816700", "q": "0.02500000", "f": 199140872, "l": 199140872, "T": 1604221519710, "m": false, "M": true}, {"e": "aggTrade", "E": 1604221519711, "s": "ETHBTC", "a": 178113357, "p": "0.02816800", "q": "2.20200000", "f": 199140873, "l": 199140873, "T": 1604221519710, "m": false, "M": true}, {"e": "aggTrade", "E": 1604221519951, "s": "ETHBTC", "a": 178113358, "p": "0.02816800", "q": "16.07900000", "f": 199140874, "l": 199140875, "T": 1604221519950, "m": true, "M": true}, {"e": "aggTrade", "E": 1604221520058, "s": "ETHBTC", "a": 178113359, "p": "0.02816800", "q": "0.26200000", "f": 199140876, "l": 199140876, "T": 1604221520056, "m": true, "M": true}, {"e": "aggTrade", "E": 1604221524550, "s": "ETHBTC", "a": 178113360, "p": "0.02816400", "q": "0.02200000", "f": 199140877, "l": 199140877, "T": 1604221524548, "m": false, "M": true}, {"e": "aggTrade", "E": 1604221525089, "s": "ETHBTC", "a": 178113361, "p": "0.02816400", "q": "3.62700000", "f": 199140878, "l": 199140878, "T": 1604221525088, "m": false, "M": true}, {"e": "aggTrade", "E": 1604221525200, "s": "ETHBTC", "a": 178113362, "p": "0.02816400", "q": "5.00000000", "f": 199140879, "l": 199140879, "T": 1604221525198, "m": false, "M": true}, {"e": "aggTrade", "E": 1604221531055, "s": "ETHBTC", "a": 178113363, "p": "0.02816600", "q": "0.29400000", "f": 199140880, "l": 199140880, "T": 1604221531053, "m": false, "M": true}, {"e": "aggTrade", "E": 1604221532576, "s": "ETHBTC", "a": 178113364, "p": "0.02816700", "q": "1.51300000", "f": 199140881, "l": 199140881, "T": 1604221532575, "m": true, "M": true}, {"e": "aggTrade", "E": 1604221538369, "s": "ETHBTC", "a": 178113365, "p": "0.02816800", "q": "0.17700000", "f": 199140882, "l": 199140882, "T": 1604221538368, "m": true, "M": true}, {"e": "aggTrade", "E": 1604221564617, "s": "ETHBTC", "a": 178113366, "p": "0.02816900", "q": "0.00400000", "f": 199140883, "l": 199140883, "T": 1604221564616, "m": false, "M": true}, {"e": "aggTrade", "E": 1604221564617, "s": "ETHBTC", "a": 178113367, "p": "0.02817700", "q": "0.03000000", "f": 199140884, "l": 199140884, "T": 1604221564616, "m": false, "M": true}, {"e": "aggTrade", "E": 1604221564618, "s": "ETHBTC", "a": 178113368, "p": "0.02817700", "q": "0.03400000", "f": 199140885, "l": 199140885, "T": 1604221564616, "m": false, "M": true}, {"e": "aggTrade", "E": 1604221564618, "s": "ETHBTC", "a": 178113369, "p": "0.02817700", "q": "0.03400000", "f": 199140886, "l": 199140886, "T": 1604221564616, "m": false, "M": true}, {"e": "aggTrade", "E": 1604221564620, "s": "ETHBTC", "a": 178113370, "p": "0.02817700", "q": "0.03400000", "f": 199140887, "l": 199140887, "T": 1604221564616, "m": false, "M": true}, {"e": "aggTrade", "E": 1604221564620, "s": "ETHBTC", "a": 178113371, "p": "0.02817700", "q": "0.03400000", "f": 199140888, "l": 199140888, "T": 1604221564617, "m": false, "M": true}, {"e": "aggTrade", "E": 1604221564620, "s": "ETHBTC", "a": 178113372, "p": "0.02817700", "q": "0.03400000", "f": 199140889, "l": 199140889, "T": 1604221564617, "m": false, "M": true}, {"e": "aggTrade", "E": 1604221564620, "s": "ETHBTC", "a": 178113373, "p": "0.02817700", "q": "0.03400000", "f": 199140890, "l": 199140890, "T": 1604221564617, "m": false, "M": true}, {"e": "aggTrade", "E": 1604221564621, "s": "ETHBTC", "a": 178113374, "p": "0.02817700", "q": "0.03400000", "f": 199140891, "l": 199140891, "T": 1604221564618, "m": false, "M": true}, {"e": "aggTrade", "E": 1604221564621, "s": "ETHBTC", "a": 178113375, "p": "0.02817700", "q": "0.03400000", "f": 199140892, "l": 199140892, "T": 1604221564618, "m": false, "M": true}, {"e": "aggTrade", "E": 1604221564621, "s": "ETHBTC", "a": 178113376, "p": "0.02817700", "q": "0.03400000", "f": 199140893, "l": 199140893, "T": 1604221564618, "m": false, "M": true}, {"e": "aggTrade", "E": 1604221564622, "s": "ETHBTC", "a": 178113377, "p": "0.02817700", "q": "0.03400000", "f": 199140894, "l": 199140894, "T": 1604221564618, "m": false, "M": true}, {"e": "aggTrade", "E": 1604221564622, "s": "ETHBTC", "a": 178113378, "p": "0.02817700", "q": "0.03400000", "f": 199140895, "l": 199140895, "T": 1604221564618, "m": false, "M": true}, {"e": "aggTrade", "E": 1604221564623, "s": "ETHBTC", "a": 178113379, "p": "0.02817700", "q": "0.03400000", "f": 199140896, "l": 199140896, "T": 1604221564618, "m": false, "M": true}, {"e": "aggTrade", "E": 1604221564623, "s": "ETHBTC", "a": 178113380, "p": "0.02817700", "q": "0.03400000", "f": 199140897, "l": 199140897, "T": 1604221564618, "m": false, "M": true}, {"e": "aggTrade", "E": 1604221564624, "s": "ETHBTC", "a": 178113381, "p": "0.02817700", "q": "0.03400000", "f": 199140898, "l": 199140898, "T": 1604221564619, "m": false, "M": true}, {"e": "aggTrade", "E": 1604221564624, "s": "ETHBTC", "a": 178113382, "p": "0.02817700", "q": "0.03400000", "f": 199140899, "l": 199140899, "T": 1604221564619, "m": false, "M": true}, {"e": "aggTrade", "E": 1604221564626, "s": "ETHBTC", "a": 178113383, "p": "0.02817700", "q": "0.03400000", "f": 199140900, "l": 199140900, "T": 1604221564619, "m": false, "M": true}, {"e": "aggTrade", "E": 1604221564626, "s": "ETHBTC", "a": 178113384, "p": "0.02817700", "q": "0.03400000", "f": 199140901, "l": 199140901, "T": 1604221564619, "m": false, "M": true}, {"e": "aggTrade", "E": 1604221564627, "s": "ETHBTC", "a": 178113385, "p": "0.02817700", "q": "0.03400000", "f": 199140902, "l": 199140902, "T": 1604221564620, "m": false, "M": true}, {"e": "aggTrade", "E": 1604221564627, "s": "ETHBTC", "a": 178113386, "p": "0.02817700", "q": "0.03400000", "f": 199140903, "l": 199140903, "T": 1604221564620, "m": false, "M": true}, {"e": "aggTrade", "E": 1604221564627, "s": "ETHBTC", "a": 178113387, "p": "0.02817700", "q": "0.03400000", "f": 199140904, "l": 199140904, "T": 1604221564621, "m": false, "M": true}, {"e": "aggTrade", "E": 1604221564627, "s": "ETHBTC", "a": 178113388, "p": "0.02817700", "q": "0.03400000", "f": 199140905, "l": 199140905, "T": 1604221564621, "m": false, "M": true}, {"e": "aggTrade", "E": 1604221564628, "s": "ETHBTC", "a": 178113389, "p": "0.02817700", "q": "0.03400000", "f": 199140906, "l": 199140906, "T": 1604221564621, "m": false, "M": true}, {"e": "aggTrade", "E": 1604221564629, "s": "ETHBTC", "a": 178113390, "p": "0.02817700", "q": "0.03400000", "f": 199140907, "l": 199140907, "T": 1604221564621, "m": false, "M": true}, {"e": "aggTrade", "E": 1604221564629, "s": "ETHBTC", "a": 178113391, "p": "0.02817700", "q": "0.03400000", "f": 199140908, "l": 199140908, "T": 1604221564621, "m": false, "M": true}, {"e": "aggTrade", "E": 1604221564630, "s": "ETHBTC", "a": 178113392, "p": "0.02817700", "q": "0.03400000", "f": 199140909, "l": 199140909, "T": 1604221564621, "m": false, "M": true}, {"e": "aggTrade", "E": 1604221564630, "s": "ETHBTC", "a": 178113393, "p": "0.02817700", "q": "0.03400000", "f": 199140910, "l": 199140910, "T": 1604221564621, "m": false, "M": true}, {"e": "aggTrade", "E": 1604221564631, "s": "ETHBTC", "a": 178113394, "p": "0.02817700", "q": "0.03400000", "f": 199140911, "l": 199140911, "T": 1604221564621, "m": false, "M": true}, {"e": "aggTrade", "E": 1604221564631, "s": "ETHBTC", "a": 178113395, "p": "0.02817700", "q": "0.03400000", "f": 199140912, "l": 199140912, "T": 1604221564621, "m": false, "M": true}, {"e": "aggTrade", "E": 1604221564631, "s": "ETHBTC", "a": 178113396, "p": "0.02817700", "q": "0.03400000", "f": 199140913, "l": 199140913, "T": 1604221564621, "m": false, "M": true}, {"e": "aggTrade", "E": 1604221564633, "s": "ETHBTC", "a": 178113397, "p": "0.02817700", "q": "0.03400000", "f": 199140914, "l": 199140914, "T": 1604221564621, "m": false, "M": true}, {"e": "aggTrade", "E": 1604221564634, "s": "ETHBTC", "a": 178113398, "p": "0.02817700", "q": "0.03400000", "f": 199140915, "l": 199140915, "T": 1604221564623, "m": false, "M": true}, {"e": "aggTrade", "E": 1604221564635, "s": "ETHBTC", "a": 178113399, "p": "0.02817700", "q": "0.03400000", "f": 199140916, "l": 199140916, "T": 1604221564623, "m": false, "M": true}, {"e": "aggTrade", "E": 1604221564637, "s": "ETHBTC", "a": 178113400, "p": "0.02817700", "q": "0.03400000", "f": 199140917, "l": 199140917, "T": 1604221564623, "m": false, "M": true}, {"e": "aggTrade", "E": 1604221564638, "s": "ETHBTC", "a": 178113401, "p": "0.02817700", "q": "0.03400000", "f": 199140918, "l": 199140918, "T": 1604221564623, "m": false, "M": true}, {"e": "aggTrade", "E": 1604221564638, "s": "ETHBTC", "a": 178113402, "p": "0.02817700", "q": "0.03400000", "f": 199140919, "l": 199140919, "T": 1604221564623, "m": false, "M": true}, {"e": "aggTrade", "E": 1604221564638, "s": "ETHBTC", "a": 178113403, "p": "0.02817700", "q": "0.03400000", "f": 199140920, "l": 199140920, "T": 1604221564623, "m": false, "M": true}, {"e": "aggTrade", "E": 1604221564638, "s": "ETHBTC", "a": 178113404, "p": "0.02817700", "q": "0.03400000", "f": 199140921, "l": 199140921, "T": 1604221564623, "m": false, "M": true}, {"e": "aggTrade", "E": 1604221564639, "s": "ETHBTC", "a": 178113405, "p": "0.02817700", "q": "0.03400000", "f": 199140922, "l": 199140922, "T": 1604221564623, "m": false, "M": true}, {"e": "aggTrade", "E": 1604221564639, "s": "ETHBTC", "a": 178113406, "p": "0.02817700", "q": "0.03400000", "f": 199140923, "l": 199140923, "T": 1604221564623, "m": false, "M": true}, {"e": "aggTrade", "E": 1604221564639, "s": "ETHBTC", "a": 178113407, "p": "0.02817700", "q": "0.03400000", "f": 199140924, "l": 199140924, "T": 1604221564624, "m": false, "M": true}, {"e": "aggTrade", "E": 1604221564639, "s": "ETHBTC", "a": 178113408, "p": "0.02817700", "q": "0.03400000", "f": 199140925, "l": 199140925, "T": 1604221564624, "m": false, "M": true}, {"e": "aggTrade", "E": 1604221564640, "s": "ETHBTC", "a": 178113409, "p": "0.02817700", "q": "0.03400000", "f": 199140926, "l": 199140926, "T": 1604221564624, "m": false, "M": true}, {"e": "aggTrade", "E": 1604221564641, "s": "ETHBTC", "a": 178113410, "p": "0.02817700", "q": "0.03400000", "f": 199140927, "l": 199140927, "T": 1604221564624, "m": false, "M": true}, {"e": "aggTrade", "E": 1604221564641, "s": "ETHBTC", "a": 178113411, "p": "0.02817700", "q": "0.03400000", "f": 199140928, "l": 199140928, "T": 1604221564624, "m": false, "M": true}, {"e": "aggTrade", "E": 1604221564642, "s": "ETHBTC", "a": 178113412, "p": "0.02817700", "q": "0.03400000", "f": 199140929, "l": 199140929, "T": 1604221564626, "m": false, "M": true}, {"e": "aggTrade", "E": 1604221564642, "s": "ETHBTC", "a": 178113413, "p": "0.02817700", "q": "0.03400000", "f": 199140930, "l": 199140930, "T": 1604221564626, "m": false, "M": true}, {"e": "aggTrade", "E": 1604221564642, "s": "ETHBTC", "a": 178113414, "p": "0.02817700", "q": "0.03400000", "f": 199140931, "l": 199140931, "T": 1604221564626, "m": false, "M": true}, {"e": "aggTrade", "E": 1604221564644, "s": "ETHBTC", "a": 178113415, "p": "0.02817700", "q": "0.03400000", "f": 199140932, "l": 199140932, "T": 1604221564628, "m": false, "M": true}, {"e": "aggTrade", "E": 1604221564644, "s": "ETHBTC", "a": 178113416, "p": "0.02817700", "q": "0.29700000", "f": 199140933, "l": 199140933, "T": 1604221564628, "m": false, "M": true}, {"e": "aggTrade", "E": 1604221564644, "s": "ETHBTC", "a": 178113417, "p": "0.02817700", "q": "0.03400000", "f": 199140934, "l": 199140934, "T": 1604221564628, "m": false, "M": true}, {"e": "aggTrade", "E": 1604221564644, "s": "ETHBTC", "a": 178113418, "p": "0.02817700", "q": "0.03400000", "f": 199140935, "l": 199140935, "T": 1604221564628, "m": false, "M": true}, {"e": "aggTrade", "E": 1604221564644, "s": "ETHBTC", "a": 178113419, "p": "0.02817700", "q": "0.03400000", "f": 199140936, "l": 199140936, "T": 1604221564628, "m": false, "M": true}, {"e": "aggTrade", "E": 1604221564646, "s": "ETHBTC", "a": 178113420, "p": "0.02817700", "q": "0.03400000", "f": 199140937, "l": 199140937, "T": 1604221564635, "m": false, "M": true}, {"e": "aggTrade", "E": 1604221564647, "s": "ETHBTC", "a": 178113421, "p": "0.02817700", "q": "0.03400000", "f": 199140938, "l": 199140938, "T": 1604221564636, "m": false, "M": true}, {"e": "aggTrade", "E": 1604221564647, "s": "ETHBTC", "a": 178113422, "p": "0.02817700", "q": "0.03400000", "f": 199140939, "l": 199140939, "T": 1604221564636, "m": false, "M": true}, {"e": "aggTrade", "E": 1604221564650, "s": "ETHBTC", "a": 178113423, "p": "0.02817700", "q": "0.00400000", "f": 199140940, "l": 199140940, "T": 1604221564648, "m": false, "M": true}, {"e": "aggTrade", "E": 1604221564651, "s": "ETHBTC", "a": 178113424, "p": "0.02817700", "q": "0.03300000", "f": 199140941, "l": 199140941, "T": 1604221564648, "m": false, "M": true}, {"e": "aggTrade", "E": 1604221565194, "s": "ETHBTC", "a": 178113425, "p": "0.02817500", "q": "0.05400000", "f": 199140942, "l": 199140942, "T": 1604221565192, "m": true, "M": true}, {"e": "aggTrade", "E": 1604221565482, "s": "ETHBTC", "a": 178113426, "p": "0.02817700", "q": "2.05900000", "f": 199140943, "l": 199140943, "T": 1604221565481, "m": false, "M": true}, {"e": "aggTrade", "E": 1604221565576, "s": "ETHBTC", "a": 178113427, "p": "0.02817700", "q": "0.31900000", "f": 199140944, "l": 199140944, "T": 1604221565575, "m": false, "M": true}, {"e": "aggTrade", "E": 1604221575135, "s": "ETHBTC", "a": 178113428, "p": "0.02817700", "q": "0.02500000", "f": 199140945, "l": 199140945, "T": 1604221575134, "m": false, "M": true}, {"e": "aggTrade", "E": 1604221575135, "s": "ETHBTC", "a": 178113429, "p": "0.02817800", "q": "0.01700000", "f": 199140946, "l": 199140946, "T": 1604221575134, "m": false, "M": true}, {"e": "aggTrade", "E": 1604221575135, "s": "ETHBTC", "a": 178113430, "p": "0.02817900", "q": "0.69200000", "f": 199140947, "l": 199140947, "T": 1604221575134, "m": false, "M": true}, {"e": "aggTrade", "E": 1604221576426, "s": "ETHBTC", "a": 178113431, "p": "0.02817900", "q": "0.56700000", "f": 199140948, "l": 199140948, "T": 1604221576424, "m": false, "M": true}, {"e": "aggTrade", "E": 1604221576511, "s": "ETHBTC", "a": 178113432, "p": "0.02817900", "q": "0.31900000", "f": 199140949, "l": 199140949, "T": 1604221576510, "m": false, "M": true}, {"e": "aggTrade", "E": 1604221576618, "s": "ETHBTC", "a": 178113433, "p": "0.02817900", "q": "0.28400000", "f": 199140950, "l": 199140950, "T": 1604221576616, "m": false, "M": true}, {"e": "aggTrade", "E": 1604221576667, "s": "ETHBTC", "a": 178113434, "p": "0.02817700", "q": "0.05500000", "f": 199140951, "l": 199140951, "T": 1604221576666, "m": true, "M": true}, {"e": "aggTrade", "E": 1604221576728, "s": "ETHBTC", "a": 178113435, "p": "0.02817900", "q": "0.85100000", "f": 199140952, "l": 199140952, "T": 1604221576726, "m": false, "M": true}, {"e": "aggTrade", "E": 1604221580066, "s": "ETHBTC", "a": 178113436, "p": "0.02817900", "q": "5.21900000", "f": 199140953, "l": 199140953, "T": 1604221580065, "m": false, "M": true}, {"e": "aggTrade", "E": 1604221582391, "s": "ETHBTC", "a": 178113437, "p": "0.02817900", "q": "1.82800000", "f": 199140954, "l": 199140954, "T": 1604221582390, "m": false, "M": true}, {"e": "aggTrade", "E": 1604221583138, "s": "ETHBTC", "a": 178113438, "p": "0.02817700", "q": "0.00400000", "f": 199140955, "l": 199140955, "T": 1604221583136, "m": true, "M": true}, {"e": "aggTrade", "E": 1604221583175, "s": "ETHBTC", "a": 178113439, "p": "0.02817800", "q": "2.66900000", "f": 199140956, "l": 199140956, "T": 1604221583173, "m": true, "M": true}, {"e": "aggTrade", "E": 1604221583236, "s": "ETHBTC", "a": 178113440, "p": "0.02817700", "q": "0.59900000", "f": 199140957, "l": 199140960, "T": 1604221583235, "m": true, "M": true}, {"e": "aggTrade", "E": 1604221583295, "s": "ETHBTC", "a": 178113441, "p": "0.02817000", "q": "2.84000000", "f": 199140961, "l": 199140961, "T": 1604221583294, "m": true, "M": true}, {"e": "aggTrade", "E": 1604221583394, "s": "ETHBTC", "a": 178113442, "p": "0.02816900", "q": "0.12700000", "f": 199140962, "l": 199140962, "T": 1604221583393, "m": true, "M": true}, {"e": "aggTrade", "E": 1604221583442, "s": "ETHBTC", "a": 178113443, "p": "0.02816900", "q": "0.15300000", "f": 199140963, "l": 199140963, "T": 1604221583440, "m": true, "M": true}, {"e": "aggTrade", "E": 1604221583467, "s": "ETHBTC", "a": 178113444, "p": "0.02816900", "q": "3.09100000", "f": 199140964, "l": 199140964, "T": 1604221583465, "m": true, "M": true}, {"e": "aggTrade", "E": 1604221583825, "s": "ETHBTC", "a": 178113445, "p": "0.02816500", "q": "0.04600000", "f": 199140965, "l": 199140965, "T": 1604221583824, "m": true, "M": true}, {"e": "aggTrade", "E": 1604221583825, "s": "ETHBTC", "a": 178113446, "p": "0.02816200", "q": "0.97100000", "f": 199140966, "l": 199140967, "T": 1604221583824, "m": true, "M": true}, {"e": "aggTrade", "E": 1604221583825, "s": "ETHBTC", "a": 178113447, "p": "0.02816100", "q": "3.21300000", "f": 199140968, "l": 199140968, "T": 1604221583824, "m": true, "M": true}, {"e": "aggTrade", "E": 1604221584148, "s": "ETHBTC", "a": 178113448, "p": "0.02816200", "q": "1.67200000", "f": 199140969, "l": 199140970, "T": 1604221584146, "m": true, "M": true}, {"e": "aggTrade", "E": 1604221587162, "s": "ETHBTC", "a": 178113449, "p": "0.02816400", "q": "0.81800000", "f": 199140971, "l": 199140971, "T": 1604221587161, "m": false, "M": true}, {"e": "aggTrade", "E": 1604221588715, "s": "ETHBTC", "a": 178113450, "p": "0.02816300", "q": "0.10000000", "f": 199140972, "l": 199140972, "T": 1604221588714, "m": false, "M": true}, {"e": "aggTrade", "E": 1604221592761, "s": "ETHBTC", "a": 178113451, "p": "0.02816200", "q": "0.01100000", "f": 199140973, "l": 199140973, "T": 1604221592760, "m": false, "M": true}, {"e": "aggTrade", "E": 1604221593783, "s": "ETHBTC", "a": 178113452, "p": "0.02816100", "q": "1.34600000", "f": 199140974, "l": 199140974, "T": 1604221593782, "m": true, "M": true}, {"e": "aggTrade", "E": 1604221593893, "s": "ETHBTC", "a": 178113453, "p": "0.02816200", "q": "0.09600000", "f": 199140975, "l": 199140975, "T": 1604221593892, "m": false, "M": true}, {"e": "aggTrade", "E": 1604221594076, "s": "ETHBTC", "a": 178113454, "p": "0.02816100", "q": "0.00900000", "f": 199140976, "l": 199140976, "T": 1604221594074, "m": false, "M": true}, {"e": "aggTrade", "E": 1604221597090, "s": "ETHBTC", "a": 178113455, "p": "0.02815900", "q": "0.27600000", "f": 199140977, "l": 199140977, "T": 1604221597089, "m": false, "M": true}, {"e": "aggTrade", "E": 1604221598693, "s": "ETHBTC", "a": 178113456, "p": "0.02815900", "q": "2.72400000", "f": 199140978, "l": 199140978, "T": 1604221598692, "m": false, "M": true}, {"e": "aggTrade", "E": 1604221601449, "s": "ETHBTC", "a": 178113457, "p": "0.02816300", "q": "5.00000000", "f": 199140979, "l": 199140979, "T": 1604221601447, "m": false, "M": true}, {"e": "aggTrade", "E": 1604221602618, "s": "ETHBTC", "a": 178113458, "p": "0.02817100", "q": "0.94900000", "f": 199140980, "l": 199140980, "T": 1604221602617, "m": false, "M": true}, {"e": "aggTrade", "E": 1604221602732, "s": "ETHBTC", "a": 178113459, "p": "0.02817100", "q": "0.28400000", "f": 199140981, "l": 199140981, "T": 1604221602731, "m": false, "M": true}, {"e": "aggTrade", "E": 1604221602826, "s": "ETHBTC", "a": 178113460, "p": "0.02817100", "q": "0.11300000", "f": 199140982, "l": 199140982, "T": 1604221602825, "m": false, "M": true}, {"e": "aggTrade", "E": 1604221602943, "s": "ETHBTC", "a": 178113461, "p": "0.02817200", "q": "1.34800000", "f": 199140983, "l": 199140983, "T": 1604221602941, "m": false, "M": true}, {"e": "aggTrade", "E": 1604221604731, "s": "ETHBTC", "a": 178113462, "p": "0.02817600", "q": "0.15900000", "f": 199140984, "l": 199140984, "T": 1604221604730, "m": false, "M": true}, {"e": "aggTrade", "E": 1604221604731, "s": "ETHBTC", "a": 178113463, "p": "0.02817700", "q": "0.12500000", "f": 199140985, "l": 199140985, "T": 1604221604730, "m": false, "M": true}, {"e": "aggTrade", "E": 1604221605732, "s": "ETHBTC", "a": 178113464, "p": "0.02817600", "q": "0.28400000", "f": 199140986, "l": 199140986, "T": 1604221605731, "m": false, "M": true}, {"e": "aggTrade", "E": 1604221615041, "s": "ETHBTC", "a": 178113465, "p": "0.02817000", "q": "6.27500000", "f": 199140987, "l": 199140987, "T": 1604221615040, "m": false, "M": true}, {"e": "aggTrade", "E": 1604221620465, "s": "ETHBTC", "a": 178113466, "p": "0.02817000", "q": "4.83000000", "f": 199140988, "l": 199140988, "T": 1604221620464, "m": true, "M": true}, {"e": "aggTrade", "E": 1604221624684, "s": "ETHBTC", "a": 178113467, "p": "0.02816800", "q": "0.07100000", "f": 199140989, "l": 199140989, "T": 1604221624682, "m": false, "M": true}, {"e": "aggTrade", "E": 1604221624980, "s": "ETHBTC", "a": 178113468, "p": "0.02816800", "q": "16.96200000", "f": 199140990, "l": 199140990, "T": 1604221624979, "m": false, "M": true}, {"e": "aggTrade", "E": 1604221626456, "s": "ETHBTC", "a": 178113469, "p": "0.02816600", "q": "15.91500000", "f": 199140991, "l": 199140992, "T": 1604221626455, "m": false, "M": true}, {"e": "aggTrade", "E": 1604221626569, "s": "ETHBTC", "a": 178113470, "p": "0.02816600", "q": "0.49700000", "f": 199140993, "l": 199140993, "T": 1604221626567, "m": false, "M": true}, {"e": "aggTrade", "E": 1604221626979, "s": "ETHBTC", "a": 178113471, "p": "0.02816500", "q": "1.00000000", "f": 199140994, "l": 199140994, "T": 1604221626978, "m": false, "M": true}, {"e": "aggTrade", "E": 1604221627201, "s": "ETHBTC", "a": 178113472, "p": "0.02816600", "q": "1.46800000", "f": 199140995, "l": 199140995, "T": 1604221627200, "m": false, "M": true}, {"e": "aggTrade", "E": 1604221627335, "s": "ETHBTC", "a": 178113473, "p": "0.02816600", "q": "0.64900000", "f": 199140996, "l": 199140996, "T": 1604221627333, "m": false, "M": true}, {"e": "aggTrade", "E": 1604221627619, "s": "ETHBTC", "a": 178113474, "p": "0.02816600", "q": "0.39000000", "f": 199140997, "l": 199140997, "T": 1604221627618, "m": false, "M": true}, {"e": "aggTrade", "E": 1604221628035, "s": "ETHBTC", "a": 178113475, "p": "0.02816500", "q": "0.39000000", "f": 199140998, "l": 199140998, "T": 1604221628034, "m": false, "M": true}, {"e": "aggTrade", "E": 1604221628254, "s": "ETHBTC", "a": 178113476, "p": "0.02816500", "q": "0.14200000", "f": 199140999, "l": 199140999, "T": 1604221628253, "m": false, "M": true}, {"e": "aggTrade", "E": 1604221629009, "s": "ETHBTC", "a": 178113477, "p": "0.02816200", "q": "0.63900000", "f": 199141000, "l": 199141000, "T": 1604221629008, "m": false, "M": true}, {"e": "aggTrade", "E": 1604221630049, "s": "ETHBTC", "a": 178113478, "p": "0.02816000", "q": "0.70100000", "f": 199141001, "l": 199141001, "T": 1604221630048, "m": false, "M": true}, {"e": "aggTrade", "E": 1604221630143, "s": "ETHBTC", "a": 178113479, "p": "0.02816000", "q": "0.31900000", "f": 199141002, "l": 199141002, "T": 1604221630141, "m": false, "M": true}, {"e": "aggTrade", "E": 1604221630374, "s": "ETHBTC", "a": 178113480, "p": "0.02816000", "q": "0.07100000", "f": 199141003, "l": 199141003, "T": 1604221630372, "m": false, "M": true}, {"e": "aggTrade", "E": 1604221631411, "s": "ETHBTC", "a": 178113481, "p": "0.02816000", "q": "0.47500000", "f": 199141004, "l": 199141004, "T": 1604221631409, "m": false, "M": true}, {"e": "aggTrade", "E": 1604221631515, "s": "ETHBTC", "a": 178113482, "p": "0.02816000", "q": "0.31900000", "f": 199141005, "l": 199141005, "T": 1604221631513, "m": false, "M": true}, {"e": "aggTrade", "E": 1604221631631, "s": "ETHBTC", "a": 178113483, "p": "0.02816000", "q": "4.13500000", "f": 199141006, "l": 199141007, "T": 1604221631630, "m": false, "M": true}, {"e": "aggTrade", "E": 1604221632378, "s": "ETHBTC", "a": 178113484, "p": "0.02816200", "q": "0.02500000", "f": 199141008, "l": 199141008, "T": 1604221632377, "m": true, "M": true}, {"e": "aggTrade", "E": 1604221637416, "s": "ETHBTC", "a": 178113485, "p": "0.02816100", "q": "0.35500000", "f": 199141009, "l": 199141009, "T": 1604221637414, "m": false, "M": true}, {"e": "aggTrade", "E": 1604221638341, "s": "ETHBTC", "a": 178113486, "p": "0.02816100", "q": "0.64500000", "f": 199141010, "l": 199141010, "T": 1604221638340, "m": false, "M": true}, {"e": "aggTrade", "E": 1604221643605, "s": "ETHBTC", "a": 178113487, "p": "0.02816300", "q": "0.31900000", "f": 199141011, "l": 199141011, "T": 1604221643604, "m": false, "M": true}, {"e": "aggTrade", "E": 1604221644490, "s": "ETHBTC", "a": 178113488, "p": "0.02816600", "q": "4.77400000", "f": 199141012, "l": 199141012, "T": 1604221644489, "m": true, "M": true}, {"e": "aggTrade", "E": 1604221646024, "s": "ETHBTC", "a": 178113489, "p": "0.02816100", "q": "0.06400000", "f": 199141013, "l": 199141013, "T": 1604221646023, "m": false, "M": true}, {"e": "aggTrade", "E": 1604221646168, "s": "ETHBTC", "a": 178113490, "p": "0.02816000", "q": "0.06000000", "f": 199141014, "l": 199141014, "T": 1604221646167, "m": false, "M": true}, {"e": "aggTrade", "E": 1604221648384, "s": "ETHBTC", "a": 178113491, "p": "0.02816500", "q": "0.04500000", "f": 199141015, "l": 199141015, "T": 1604221648383, "m": false, "M": true}, {"e": "aggTrade", "E": 1604221648384, "s": "ETHBTC", "a": 178113492, "p": "0.02816600", "q": "0.03000000", "f": 199141016, "l": 199141016, "T": 1604221648383, "m": false, "M": true}, {"e": "aggTrade", "E": 1604221649312, "s": "ETHBTC", "a": 178113493, "p": "0.02816400", "q": "0.23900000", "f": 199141017, "l": 199141017, "T": 1604221649311, "m": true, "M": true}, {"e": "aggTrade", "E": 1604221649415, "s": "ETHBTC", "a": 178113494, "p": "0.02816400", "q": "0.31900000", "f": 199141018, "l": 199141018, "T": 1604221649414, "m": true, "M": true}, {"e": "aggTrade", "E": 1604221649957, "s": "ETHBTC", "a": 178113495, "p": "0.02816400", "q": "0.63700000", "f": 199141019, "l": 199141019, "T": 1604221649956, "m": true, "M": true}, {"e": "aggTrade", "E": 1604221660509, "s": "ETHBTC", "a": 178113496, "p": "0.02816900", "q": "0.19400000", "f": 199141020, "l": 199141020, "T": 1604221660508, "m": true, "M": true}, {"e": "aggTrade", "E": 1604221663613, "s": "ETHBTC", "a": 178113497, "p": "0.02817300", "q": "0.13000000", "f": 199141021, "l": 199141021, "T": 1604221663612, "m": true, "M": true}, {"e": "aggTrade", "E": 1604221665338, "s": "ETHBTC", "a": 178113498, "p": "0.02817400", "q": "10.00000000", "f": 199141022, "l": 199141022, "T": 1604221665337, "m": false, "M": true}, {"e": "aggTrade", "E": 1604221667429, "s": "ETHBTC", "a": 178113499, "p": "0.02816800", "q": "0.00400000", "f": 199141023, "l": 199141023, "T": 1604221667428, "m": true, "M": true}, {"e": "aggTrade", "E": 1604221668013, "s": "ETHBTC", "a": 178113500, "p": "0.02816900", "q": "0.16900000", "f": 199141024, "l": 199141024, "T": 1604221668012, "m": true, "M": true}, {"e": "aggTrade", "E": 1604221668274, "s": "ETHBTC", "a": 178113501, "p": "0.02817100", "q": "0.04000000", "f": 199141025, "l": 199141025, "T": 1604221668273, "m": false, "M": true}, {"e": "aggTrade", "E": 1604221668844, "s": "ETHBTC", "a": 178113502, "p": "0.02817100", "q": "0.25100000", "f": 199141026, "l": 199141026, "T": 1604221668843, "m": false, "M": true}, {"e": "aggTrade", "E": 1604221673276, "s": "ETHBTC", "a": 178113503, "p": "0.02816800", "q": "0.13000000", "f": 199141027, "l": 199141027, "T": 1604221673275, "m": true, "M": true}, {"e": "aggTrade", "E": 1604221677541, "s": "ETHBTC", "a": 178113504, "p": "0.02817700", "q": "0.04400000", "f": 199141028, "l": 199141028, "T": 1604221677539, "m": true, "M": true}, {"e": "aggTrade", "E": 1604221677755, "s": "ETHBTC", "a": 178113505, "p": "0.02817700", "q": "0.63800000", "f": 199141029, "l": 199141029, "T": 1604221677754, "m": true, "M": true}, {"e": "aggTrade", "E": 1604221678972, "s": "ETHBTC", "a": 178113506, "p": "0.02817100", "q": "0.23700000", "f": 199141030, "l": 199141030, "T": 1604221678971, "m": false, "M": true}, {"e": "aggTrade", "E": 1604221682766, "s": "ETHBTC", "a": 178113507, "p": "0.02816800", "q": "1.00000000", "f": 199141031, "l": 199141031, "T": 1604221682765, "m": false, "M": true}, {"e": "aggTrade", "E": 1604221683687, "s": "ETHBTC", "a": 178113508, "p": "0.02816800", "q": "3.56500000", "f": 199141032, "l": 199141032, "T": 1604221683686, "m": false, "M": true}, {"e": "aggTrade", "E": 1604221683948, "s": "ETHBTC", "a": 178113509, "p": "0.02816700", "q": "2.84000000", "f": 199141033, "l": 199141033, "T": 1604221683947, "m": true, "M": true}, {"e": "aggTrade", "E": 1604221690664, "s": "ETHBTC", "a": 178113510, "p": "0.02816700", "q": "0.48100000", "f": 199141034, "l": 199141034, "T": 1604221690663, "m": false, "M": true}, {"e": "aggTrade", "E": 1604221695287, "s": "ETHBTC", "a": 178113511, "p": "0.02816700", "q": "5.02800000", "f": 199141035, "l": 199141035, "T": 1604221695285, "m": false, "M": true}, {"e": "aggTrade", "E": 1604221695709, "s": "ETHBTC", "a": 178113512, "p": "0.02816700", "q": "3.00000000", "f": 199141036, "l": 199141036, "T": 1604221695707, "m": false, "M": true}, {"e": "aggTrade", "E": 1604221696933, "s": "ETHBTC", "a": 178113513, "p": "0.02816600", "q": "0.28000000", "f": 199141037, "l": 199141037, "T": 1604221696932, "m": true, "M": true}, {"e": "aggTrade", "E": 1604221697481, "s": "ETHBTC", "a": 178113514, "p": "0.02816600", "q": "0.52000000", "f": 199141038, "l": 199141038, "T": 1604221697480, "m": true, "M": true}, {"e": "aggTrade", "E": 1604221697481, "s": "ETHBTC", "a": 178113515, "p": "0.02816300", "q": "0.13500000", "f": 199141039, "l": 199141039, "T": 1604221697480, "m": true, "M": true}, {"e": "aggTrade", "E": 1604221710439, "s": "ETHBTC", "a": 178113516, "p": "0.02816600", "q": "0.42500000", "f": 199141040, "l": 199141040, "T": 1604221710438, "m": false, "M": true}, {"e": "aggTrade", "E": 1604221710716, "s": "ETHBTC", "a": 178113517, "p": "0.02816500", "q": "0.02200000", "f": 199141041, "l": 199141041, "T": 1604221710715, "m": true, "M": true}, {"e": "aggTrade", "E": 1604221711318, "s": "ETHBTC", "a": 178113518, "p": "0.02816600", "q": "1.00000000", "f": 199141042, "l": 199141043, "T": 1604221711316, "m": false, "M": true}, {"e": "aggTrade", "E": 1604221713810, "s": "ETHBTC", "a": 178113519, "p": "0.02816700", "q": "0.01100000", "f": 199141044, "l": 199141044, "T": 1604221713809, "m": true, "M": true}, {"e": "aggTrade", "E": 1604221716321, "s": "ETHBTC", "a": 178113520, "p": "0.02816800", "q": "0.46100000", "f": 199141045, "l": 199141046, "T": 1604221716320, "m": false, "M": true}, {"e": "aggTrade", "E": 1604221716627, "s": "ETHBTC", "a": 178113521, "p": "0.02816800", "q": "0.09300000", "f": 199141047, "l": 199141047, "T": 1604221716626, "m": true, "M": true}, {"e": "aggTrade", "E": 1604221716627, "s": "ETHBTC", "a": 178113522, "p": "0.02816800", "q": "0.09100000", "f": 199141048, "l": 199141048, "T": 1604221716626, "m": true, "M": true}, {"e": "aggTrade", "E": 1604221716812, "s": "ETHBTC", "a": 178113523, "p": "0.02816800", "q": "1.96800000", "f": 199141049, "l": 199141049, "T": 1604221716811, "m": true, "M": true}, {"e": "aggTrade", "E": 1604221719156, "s": "ETHBTC", "a": 178113524, "p": "0.02816800", "q": "2.15300000", "f": 199141050, "l": 199141050, "T": 1604221719154, "m": false, "M": true}, {"e": "aggTrade", "E": 1604221719422, "s": "ETHBTC", "a": 178113525, "p": "0.02816800", "q": "1.10000000", "f": 199141051, "l": 199141051, "T": 1604221719421, "m": true, "M": true}, {"e": "aggTrade", "E": 1604221724168, "s": "ETHBTC", "a": 178113526, "p": "0.02816900", "q": "2.55400000", "f": 199141052, "l": 199141052, "T": 1604221724165, "m": false, "M": true}, {"e": "aggTrade", "E": 1604221726290, "s": "ETHBTC", "a": 178113527, "p": "0.02816700", "q": "0.05700000", "f": 199141053, "l": 199141053, "T": 1604221726289, "m": true, "M": true}, {"e": "aggTrade", "E": 1604221729458, "s": "ETHBTC", "a": 178113528, "p": "0.02817000", "q": "4.00000000", "f": 199141054, "l": 199141054, "T": 1604221729457, "m": false, "M": true}, {"e": "aggTrade", "E": 1604221736345, "s": "ETHBTC", "a": 178113529, "p": "0.02817300", "q": "7.30100000", "f": 199141055, "l": 199141056, "T": 1604221736344, "m": false, "M": true}, {"e": "aggTrade", "E": 1604221739618, "s": "ETHBTC", "a": 178113530, "p": "0.02817300", "q": "0.00800000", "f": 199141057, "l": 199141057, "T": 1604221739617, "m": true, "M": true}, {"e": "aggTrade", "E": 1604221749464, "s": "ETHBTC", "a": 178113531, "p": "0.02817900", "q": "0.07500000", "f": 199141058, "l": 199141058, "T": 1604221749462, "m": true, "M": true}, {"e": "aggTrade", "E": 1604221751554, "s": "ETHBTC", "a": 178113532, "p": "0.02818000", "q": "2.93400000", "f": 199141059, "l": 199141059, "T": 1604221751553, "m": false, "M": true}, {"e": "aggTrade", "E": 1604221752279, "s": "ETHBTC", "a": 178113533, "p": "0.02818000", "q": "2.06600000", "f": 199141060, "l": 199141060, "T": 1604221752278, "m": false, "M": true}, {"e": "aggTrade", "E": 1604221758253, "s": "ETHBTC", "a": 178113534, "p": "0.02818200", "q": "0.02500000", "f": 199141061, "l": 199141061, "T": 1604221758252, "m": false, "M": true}, {"e": "aggTrade", "E": 1604221758285, "s": "ETHBTC", "a": 178113535, "p": "0.02818400", "q": "1.00000000", "f": 199141062, "l": 199141062, "T": 1604221758283, "m": false, "M": true}, {"e": "aggTrade", "E": 1604221759366, "s": "ETHBTC", "a": 178113536, "p": "0.02818600", "q": "0.06200000", "f": 199141063, "l": 199141063, "T": 1604221759365, "m": false, "M": true}, {"e": "aggTrade", "E": 1604221759475, "s": "ETHBTC", "a": 178113537, "p": "0.02818600", "q": "0.05700000", "f": 199141064, "l": 199141064, "T": 1604221759473, "m": false, "M": true}, {"e": "aggTrade", "E": 1604221761657, "s": "ETHBTC", "a": 178113538, "p": "0.02818700", "q": "0.91400000", "f": 199141065, "l": 199141066, "T": 1604221761656, "m": false, "M": true}, {"e": "aggTrade", "E": 1604221763965, "s": "ETHBTC", "a": 178113539, "p": "0.02818300", "q": "4.00100000", "f": 199141067, "l": 199141067, "T": 1604221763964, "m": true, "M": true}, {"e": "aggTrade", "E": 1604221763965, "s": "ETHBTC", "a": 178113540, "p": "0.02818200", "q": "0.20200000", "f": 199141068, "l": 199141068, "T": 1604221763964, "m": true, "M": true}, {"e": "aggTrade", "E": 1604221763984, "s": "ETHBTC", "a": 178113541, "p": "0.02817900", "q": "1.00000000", "f": 199141069, "l": 199141069, "T": 1604221763982, "m": true, "M": true}, {"e": "aggTrade", "E": 1604221764356, "s": "ETHBTC", "a": 178113542, "p": "0.02817500", "q": "8.00000000", "f": 199141070, "l": 199141070, "T": 1604221764355, "m": true, "M": true}, {"e": "aggTrade", "E": 1604221764372, "s": "ETHBTC", "a": 178113543, "p": "0.02817000", "q": "7.99200000", "f": 199141071, "l": 199141071, "T": 1604221764370, "m": true, "M": true}, {"e": "aggTrade", "E": 1604221765118, "s": "ETHBTC", "a": 178113544, "p": "0.02817000", "q": "4.41200000", "f": 199141072, "l": 199141072, "T": 1604221765117, "m": true, "M": true}, {"e": "aggTrade", "E": 1604221765118, "s": "ETHBTC", "a": 178113545, "p": "0.02816700", "q": "0.24900000", "f": 199141073, "l": 199141073, "T": 1604221765117, "m": true, "M": true}, {"e": "aggTrade", "E": 1604221765118, "s": "ETHBTC", "a": 178113546, "p": "0.02816400", "q": "12.91900000", "f": 199141074, "l": 199141074, "T": 1604221765117, "m": true, "M": true}, {"e": "aggTrade", "E": 1604221765118, "s": "ETHBTC", "a": 178113547, "p": "0.02816300", "q": "0.15300000", "f": 199141075, "l": 199141075, "T": 1604221765117, "m": true, "M": true}, {"e": "aggTrade", "E": 1604221765372, "s": "ETHBTC", "a": 178113548, "p": "0.02817100", "q": "19.22400000", "f": 199141076, "l": 199141076, "T": 1604221765371, "m": false, "M": true}, {"e": "aggTrade", "E": 1604221767226, "s": "ETHBTC", "a": 178113549, "p": "0.02817300", "q": "2.10500000", "f": 199141077, "l": 199141077, "T": 1604221767225, "m": true, "M": true}, {"e": "aggTrade", "E": 1604221767914, "s": "ETHBTC", "a": 178113550, "p": "0.02817100", "q": "4.00400000", "f": 199141078, "l": 199141078, "T": 1604221767913, "m": false, "M": true}, {"e": "aggTrade", "E": 1604221768128, "s": "ETHBTC", "a": 178113551, "p": "0.02817100", "q": "2.03300000", "f": 199141079, "l": 199141079, "T": 1604221768126, "m": false, "M": true}, {"e": "aggTrade", "E": 1604221771220, "s": "ETHBTC", "a": 178113552, "p": "0.02816900", "q": "0.10700000", "f": 199141080, "l": 199141080, "T": 1604221771219, "m": false, "M": true}, {"e": "aggTrade", "E": 1604221772136, "s": "ETHBTC", "a": 178113553, "p": "0.02817500", "q": "0.19500000", "f": 199141081, "l": 199141081, "T": 1604221772135, "m": true, "M": true}, {"e": "aggTrade", "E": 1604221772192, "s": "ETHBTC", "a": 178113554, "p": "0.02817500", "q": "1.24000000", "f": 199141082, "l": 199141082, "T": 1604221772190, "m": true, "M": true}, {"e": "aggTrade", "E": 1604221774918, "s": "ETHBTC", "a": 178113555, "p": "0.02817300", "q": "2.64000000", "f": 199141083, "l": 199141083, "T": 1604221774917, "m": true, "M": true}, {"e": "aggTrade", "E": 1604221778102, "s": "ETHBTC", "a": 178113556, "p": "0.02817300", "q": "0.03500000", "f": 199141084, "l": 199141084, "T": 1604221778101, "m": false, "M": true}, {"e": "aggTrade", "E": 1604221778515, "s": "ETHBTC", "a": 178113557, "p": "0.02817200", "q": "0.02400000", "f": 199141085, "l": 199141085, "T": 1604221778514, "m": true, "M": true}, {"e": "aggTrade", "E": 1604221778945, "s": "ETHBTC", "a": 178113558, "p": "0.02816900", "q": "3.00000000", "f": 199141086, "l": 199141086, "T": 1604221778944, "m": false, "M": true}, {"e": "aggTrade", "E": 1604221781791, "s": "ETHBTC", "a": 178113559, "p": "0.02817100", "q": "0.56200000", "f": 199141087, "l": 199141087, "T": 1604221781790, "m": false, "M": true}, {"e": "aggTrade", "E": 1604221781791, "s": "ETHBTC", "a": 178113560, "p": "0.02817300", "q": "0.08500000", "f": 199141088, "l": 199141088, "T": 1604221781790, "m": false, "M": true}, {"e": "aggTrade", "E": 1604221782760, "s": "ETHBTC", "a": 178113561, "p": "0.02817400", "q": "2.49900000", "f": 199141089, "l": 199141089, "T": 1604221782759, "m": true, "M": true}, {"e": "aggTrade", "E": 1604221783824, "s": "ETHBTC", "a": 178113562, "p": "0.02816700", "q": "9.20800000", "f": 199141090, "l": 199141091, "T": 1604221783823, "m": false, "M": true}, {"e": "aggTrade", "E": 1604221784636, "s": "ETHBTC", "a": 178113563, "p": "0.02816500", "q": "6.26100000", "f": 199141092, "l": 199141093, "T": 1604221784635, "m": true, "M": true}, {"e": "aggTrade", "E": 1604221791377, "s": "ETHBTC", "a": 178113564, "p": "0.02816300", "q": "2.25400000", "f": 199141094, "l": 199141094, "T": 1604221791375, "m": false, "M": true}, {"e": "aggTrade", "E": 1604221792230, "s": "ETHBTC", "a": 178113565, "p": "0.02816400", "q": "0.01500000", "f": 199141095, "l": 199141095, "T": 1604221792229, "m": false, "M": true}, {"e": "aggTrade", "E": 1604221792930, "s": "ETHBTC", "a": 178113566, "p": "0.02816300", "q": "40.43800000", "f": 199141096, "l": 199141097, "T": 1604221792929, "m": true, "M": true}, {"e": "aggTrade", "E": 1604221792932, "s": "ETHBTC", "a": 178113567, "p": "0.02816300", "q": "20.22100000", "f": 199141098, "l": 199141098, "T": 1604221792931, "m": true, "M": true}, {"e": "aggTrade", "E": 1604221793828, "s": "ETHBTC", "a": 178113568, "p": "0.02816400", "q": "0.12800000", "f": 199141099, "l": 199141099, "T": 1604221793827, "m": false, "M": true}, {"e": "aggTrade", "E": 1604221798777, "s": "ETHBTC", "a": 178113569, "p": "0.02816300", "q": "0.70900000", "f": 199141100, "l": 199141100, "T": 1604221798776, "m": false, "M": true}, {"e": "aggTrade", "E": 1604221799022, "s": "ETHBTC", "a": 178113570, "p": "0.02816300", "q": "0.32500000", "f": 199141101, "l": 199141101, "T": 1604221799021, "m": false, "M": true}, {"e": "aggTrade", "E": 1604221799490, "s": "ETHBTC", "a": 178113571, "p": "0.02816300", "q": "1.94300000", "f": 199141102, "l": 199141102, "T": 1604221799489, "m": false, "M": true}, {"e": "aggTrade", "E": 1604221800751, "s": "ETHBTC", "a": 178113572, "p": "0.02816500", "q": "3.00000000", "f": 199141103, "l": 199141103, "T": 1604221800749, "m": false, "M": true}, {"e": "aggTrade", "E": 1604221802378, "s": "ETHBTC", "a": 178113573, "p": "0.02816800", "q": "0.82400000", "f": 199141104, "l": 199141104, "T": 1604221802376, "m": true, "M": true}, {"e": "aggTrade", "E": 1604221804858, "s": "ETHBTC", "a": 178113574, "p": "0.02817200", "q": "3.00000000", "f": 199141105, "l": 199141105, "T": 1604221804857, "m": false, "M": true}, {"e": "aggTrade", "E": 1604221805337, "s": "ETHBTC", "a": 178113575, "p": "0.02817500", "q": "1.00000000", "f": 199141106, "l": 199141106, "T": 1604221805336, "m": true, "M": true}, {"e": "aggTrade", "E": 1604221805337, "s": "ETHBTC", "a": 178113576, "p": "0.02817400", "q": "0.20000000", "f": 199141107, "l": 199141107, "T": 1604221805336, "m": true, "M": true}, {"e": "aggTrade", "E": 1604221806156, "s": "ETHBTC", "a": 178113577, "p": "0.02817500", "q": "0.19800000", "f": 199141108, "l": 199141108, "T": 1604221806154, "m": true, "M": true}, {"e": "aggTrade", "E": 1604221806712, "s": "ETHBTC", "a": 178113578, "p": "0.02817800", "q": "0.94400000", "f": 199141109, "l": 199141109, "T": 1604221806710, "m": true, "M": true}, {"e": "aggTrade", "E": 1604221806827, "s": "ETHBTC", "a": 178113579, "p": "0.02817900", "q": "0.06900000", "f": 199141110, "l": 199141110, "T": 1604221806825, "m": false, "M": true}, {"e": "aggTrade", "E": 1604221807089, "s": "ETHBTC", "a": 178113580, "p": "0.02817300", "q": "1.00000000", "f": 199141111, "l": 199141111, "T": 1604221807088, "m": true, "M": true}, {"e": "aggTrade", "E": 1604221807713, "s": "ETHBTC", "a": 178113581, "p": "0.02817300", "q": "0.13200000", "f": 199141112, "l": 199141112, "T": 1604221807712, "m": true, "M": true}, {"e": "aggTrade", "E": 1604221807779, "s": "ETHBTC", "a": 178113582, "p": "0.02817300", "q": "0.06800000", "f": 199141113, "l": 199141113, "T": 1604221807777, "m": true, "M": true}, {"e": "aggTrade", "E": 1604221807866, "s": "ETHBTC", "a": 178113583, "p": "0.02817300", "q": "22.80000000", "f": 199141114, "l": 199141114, "T": 1604221807865, "m": true, "M": true}, {"e": "aggTrade", "E": 1604221807866, "s": "ETHBTC", "a": 178113584, "p": "0.02816900", "q": "6.30600000", "f": 199141115, "l": 199141115, "T": 1604221807865, "m": true, "M": true}, {"e": "aggTrade", "E": 1604221808354, "s": "ETHBTC", "a": 178113585, "p": "0.02817200", "q": "9.56500000", "f": 199141116, "l": 199141117, "T": 1604221808353, "m": true, "M": true}, {"e": "aggTrade", "E": 1604221808354, "s": "ETHBTC", "a": 178113586, "p": "0.02817100", "q": "0.43500000", "f": 199141118, "l": 199141118, "T": 1604221808353, "m": true, "M": true}, {"e": "aggTrade", "E": 1604221808589, "s": "ETHBTC", "a": 178113587, "p": "0.02817400", "q": "0.12300000", "f": 199141119, "l": 199141119, "T": 1604221808588, "m": false, "M": true}, {"e": "aggTrade", "E": 1604221809698, "s": "ETHBTC", "a": 178113588, "p": "0.02817300", "q": "0.97300000", "f": 199141120, "l": 199141120, "T": 1604221809696, "m": true, "M": true}, {"e": "aggTrade", "E": 1604221810630, "s": "ETHBTC", "a": 178113589, "p": "0.02817300", "q": "0.86000000", "f": 199141121, "l": 199141121, "T": 1604221810629, "m": true, "M": true}, {"e": "aggTrade", "E": 1604221811889, "s": "ETHBTC", "a": 178113590, "p": "0.02817300", "q": "0.04400000", "f": 199141122, "l": 199141122, "T": 1604221811888, "m": true, "M": true}, {"e": "aggTrade", "E": 1604221812703, "s": "ETHBTC", "a": 178113591, "p": "0.02817300", "q": "0.97300000", "f": 199141123, "l": 199141123, "T": 1604221812702, "m": true, "M": true}, {"e": "aggTrade", "E": 1604221813107, "s": "ETHBTC", "a": 178113592, "p": "0.02816600", "q": "0.11500000", "f": 199141124, "l": 199141124, "T": 1604221813105, "m": true, "M": true}, {"e": "aggTrade", "E": 1604221813107, "s": "ETHBTC", "a": 178113593, "p": "0.02816500", "q": "3.31900000", "f": 199141125, "l": 199141125, "T": 1604221813105, "m": true, "M": true}, {"e": "aggTrade", "E": 1604221814109, "s": "ETHBTC", "a": 178113594, "p": "0.02817300", "q": "0.05500000", "f": 199141126, "l": 199141126, "T": 1604221814107, "m": true, "M": true}, {"e": "aggTrade", "E": 1604221814803, "s": "ETHBTC", "a": 178113595, "p": "0.02817300", "q": "0.02000000", "f": 199141127, "l": 199141127, "T": 1604221814802, "m": true, "M": true}, {"e": "aggTrade", "E": 1604221819680, "s": "ETHBTC", "a": 178113596, "p": "0.02817400", "q": "0.02500000", "f": 199141128, "l": 199141128, "T": 1604221819679, "m": false, "M": true}, {"e": "aggTrade", "E": 1604221819680, "s": "ETHBTC", "a": 178113597, "p": "0.02818000", "q": "0.10800000", "f": 199141129, "l": 199141129, "T": 1604221819679, "m": false, "M": true}, {"e": "aggTrade", "E": 1604221821752, "s": "ETHBTC", "a": 178113598, "p": "0.02817400", "q": "5.00000000", "f": 199141130, "l": 199141131, "T": 1604221821751, "m": false, "M": true}, {"e": "aggTrade", "E": 1604221823299, "s": "ETHBTC", "a": 178113599, "p": "0.02817600", "q": "0.16800000", "f": 199141132, "l": 199141132, "T": 1604221823298, "m": false, "M": true}, {"e": "aggTrade", "E": 1604221823319, "s": "ETHBTC", "a": 178113600, "p": "0.02817500", "q": "0.06700000", "f": 199141133, "l": 199141133, "T": 1604221823317, "m": true, "M": true}, {"e": "aggTrade", "E": 1604221831565, "s": "ETHBTC", "a": 178113601, "p": "0.02817600", "q": "0.11300000", "f": 199141134, "l": 199141134, "T": 1604221831564, "m": false, "M": true}, {"e": "aggTrade", "E": 1604221831977, "s": "ETHBTC", "a": 178113602, "p": "0.02817600", "q": "2.71900000", "f": 199141135, "l": 199141135, "T": 1604221831975, "m": false, "M": true}, {"e": "aggTrade", "E": 1604221835950, "s": "ETHBTC", "a": 178113603, "p": "0.02818100", "q": "0.05000000", "f": 199141136, "l": 199141136, "T": 1604221835949, "m": false, "M": true}, {"e": "aggTrade", "E": 1604221837774, "s": "ETHBTC", "a": 178113604, "p": "0.02818400", "q": "0.02600000", "f": 199141137, "l": 199141137, "T": 1604221837773, "m": true, "M": true}, {"e": "aggTrade", "E": 1604221838079, "s": "ETHBTC", "a": 178113605, "p": "0.02818600", "q": "0.99300000", "f": 199141138, "l": 199141138, "T": 1604221838078, "m": true, "M": true}, {"e": "aggTrade", "E": 1604221838927, "s": "ETHBTC", "a": 178113606, "p": "0.02818900", "q": "0.20900000", "f": 199141139, "l": 199141139, "T": 1604221838925, "m": false, "M": true}, {"e": "aggTrade", "E": 1604221839640, "s": "ETHBTC", "a": 178113607, "p": "0.02819100", "q": "0.26300000", "f": 199141140, "l": 199141140, "T": 1604221839638, "m": true, "M": true}, {"e": "aggTrade", "E": 1604221839894, "s": "ETHBTC", "a": 178113608, "p": "0.02819100", "q": "5.73700000", "f": 199141141, "l": 199141141, "T": 1604221839893, "m": true, "M": true}, {"e": "aggTrade", "E": 1604221848427, "s": "ETHBTC", "a": 178113609, "p": "0.02819000", "q": "0.00400000", "f": 199141142, "l": 199141142, "T": 1604221848425, "m": false, "M": true}, {"e": "aggTrade", "E": 1604221851916, "s": "ETHBTC", "a": 178113610, "p": "0.02818800", "q": "0.03900000", "f": 199141143, "l": 199141143, "T": 1604221851914, "m": true, "M": true}, {"e": "aggTrade", "E": 1604221861520, "s": "ETHBTC", "a": 178113611, "p": "0.02818800", "q": "0.07000000", "f": 199141144, "l": 199141145, "T": 1604221861518, "m": true, "M": true}, {"e": "aggTrade", "E": 1604221862904, "s": "ETHBTC", "a": 178113612, "p": "0.02818800", "q": "0.05900000", "f": 199141146, "l": 199141146, "T": 1604221862896, "m": true, "M": true}, {"e": "aggTrade", "E": 1604221863108, "s": "ETHBTC", "a": 178113613, "p": "0.02818800", "q": "0.17800000", "f": 199141147, "l": 199141147, "T": 1604221863105, "m": true, "M": true}, {"e": "aggTrade", "E": 1604221864990, "s": "ETHBTC", "a": 178113614, "p": "0.02818600", "q": "6.36000000", "f": 199141148, "l": 199141148, "T": 1604221864988, "m": true, "M": true}, {"e": "aggTrade", "E": 1604221865391, "s": "ETHBTC", "a": 178113615, "p": "0.02818600", "q": "0.77200000", "f": 199141149, "l": 199141149, "T": 1604221865389, "m": true, "M": true}, {"e": "aggTrade", "E": 1604221867398, "s": "ETHBTC", "a": 178113616, "p": "0.02818400", "q": "0.01200000", "f": 199141150, "l": 199141150, "T": 1604221867397, "m": true, "M": true}, {"e": "aggTrade", "E": 1604221867531, "s": "ETHBTC", "a": 178113617, "p": "0.02818300", "q": "0.01200000", "f": 199141151, "l": 199141151, "T": 1604221867529, "m": true, "M": true}, {"e": "aggTrade", "E": 1604221867825, "s": "ETHBTC", "a": 178113618, "p": "0.02818100", "q": "0.24300000", "f": 199141152, "l": 199141152, "T": 1604221867824, "m": false, "M": true}, {"e": "aggTrade", "E": 1604221873008, "s": "ETHBTC", "a": 178113619, "p": "0.02817900", "q": "0.32700000", "f": 199141153, "l": 199141153, "T": 1604221873007, "m": false, "M": true}, {"e": "aggTrade", "E": 1604221874283, "s": "ETHBTC", "a": 178113620, "p": "0.02817900", "q": "0.02500000", "f": 199141154, "l": 199141154, "T": 1604221874282, "m": true, "M": true}, {"e": "aggTrade", "E": 1604221874404, "s": "ETHBTC", "a": 178113621, "p": "0.02817900", "q": "0.51000000", "f": 199141155, "l": 199141157, "T": 1604221874401, "m": true, "M": true}, {"e": "aggTrade", "E": 1604221875324, "s": "ETHBTC", "a": 178113622, "p": "0.02817900", "q": "0.73700000", "f": 199141158, "l": 199141158, "T": 1604221875323, "m": false, "M": true}, {"e": "aggTrade", "E": 1604221887532, "s": "ETHBTC", "a": 178113623, "p": "0.02818000", "q": "0.36000000", "f": 199141159, "l": 199141159, "T": 1604221887531, "m": true, "M": true}, {"e": "aggTrade", "E": 1604221891363, "s": "ETHBTC", "a": 178113624, "p": "0.02818000", "q": "2.69200000", "f": 199141160, "l": 199141160, "T": 1604221891362, "m": true, "M": true}, {"e": "aggTrade", "E": 1604221891382, "s": "ETHBTC", "a": 178113625, "p": "0.02818000", "q": "1.34600000", "f": 199141161, "l": 199141161, "T": 1604221891381, "m": true, "M": true}, {"e": "aggTrade", "E": 1604221893943, "s": "ETHBTC", "a": 178113626, "p": "0.02818400", "q": "0.63800000", "f": 199141162, "l": 199141162, "T": 1604221893942, "m": false, "M": true}, {"e": "aggTrade", "E": 1604221896376, "s": "ETHBTC", "a": 178113627, "p": "0.02818300", "q": "3.00000000", "f": 199141163, "l": 199141163, "T": 1604221896375, "m": true, "M": true}, {"e": "aggTrade", "E": 1604221896477, "s": "ETHBTC", "a": 178113628, "p": "0.02818200", "q": "3.00000000", "f": 199141164, "l": 199141164, "T": 1604221896476, "m": true, "M": true}, {"e": "aggTrade", "E": 1604221897001, "s": "ETHBTC", "a": 178113629, "p": "0.02818000", "q": "0.04300000", "f": 199141165, "l": 199141165, "T": 1604221897000, "m": true, "M": true}, {"e": "aggTrade", "E": 1604221897029, "s": "ETHBTC", "a": 178113630, "p": "0.02818000", "q": "0.31900000", "f": 199141166, "l": 199141166, "T": 1604221897027, "m": true, "M": true}, {"e": "aggTrade", "E": 1604221897541, "s": "ETHBTC", "a": 178113631, "p": "0.02818000", "q": "0.31900000", "f": 199141167, "l": 199141167, "T": 1604221897540, "m": true, "M": true}, {"e": "aggTrade", "E": 1604221898025, "s": "ETHBTC", "a": 178113632, "p": "0.02818300", "q": "0.55700000", "f": 199141168, "l": 199141168, "T": 1604221898024, "m": false, "M": true}, {"e": "aggTrade", "E": 1604221898077, "s": "ETHBTC", "a": 178113633, "p": "0.02818100", "q": "0.22000000", "f": 199141169, "l": 199141169, "T": 1604221898075, "m": true, "M": true}, {"e": "aggTrade", "E": 1604221898175, "s": "ETHBTC", "a": 178113634, "p": "0.02818100", "q": "0.04100000", "f": 199141170, "l": 199141170, "T": 1604221898174, "m": true, "M": true}, {"e": "aggTrade", "E": 1604221898379, "s": "ETHBTC", "a": 178113635, "p": "0.02818200", "q": "0.07100000", "f": 199141171, "l": 199141171, "T": 1604221898377, "m": true, "M": true}, {"e": "aggTrade", "E": 1604221898492, "s": "ETHBTC", "a": 178113636, "p": "0.02818200", "q": "0.31900000", "f": 199141172, "l": 199141172, "T": 1604221898491, "m": true, "M": true}, {"e": "aggTrade", "E": 1604221898586, "s": "ETHBTC", "a": 178113637, "p": "0.02818200", "q": "0.31900000", "f": 199141173, "l": 199141173, "T": 1604221898585, "m": true, "M": true}, {"e": "aggTrade", "E": 1604221898716, "s": "ETHBTC", "a": 178113638, "p": "0.02818200", "q": "0.42600000", "f": 199141174, "l": 199141174, "T": 1604221898714, "m": true, "M": true}, {"e": "aggTrade", "E": 1604221898901, "s": "ETHBTC", "a": 178113639, "p": "0.02818200", "q": "0.35500000", "f": 199141175, "l": 199141175, "T": 1604221898900, "m": true, "M": true}, {"e": "aggTrade", "E": 1604221899752, "s": "ETHBTC", "a": 178113640, "p": "0.02818200", "q": "16.37200000", "f": 199141176, "l": 199141176, "T": 1604221899751, "m": true, "M": true}, {"e": "aggTrade", "E": 1604221900072, "s": "ETHBTC", "a": 178113641, "p": "0.02818300", "q": "0.16800000", "f": 199141177, "l": 199141177, "T": 1604221900071, "m": false, "M": true}, {"e": "aggTrade", "E": 1604221900788, "s": "ETHBTC", "a": 178113642, "p": "0.02818200", "q": "0.09100000", "f": 199141178, "l": 199141178, "T": 1604221900787, "m": true, "M": true}, {"e": "aggTrade", "E": 1604221901733, "s": "ETHBTC", "a": 178113643, "p": "0.02818200", "q": "6.04700000", "f": 199141179, "l": 199141179, "T": 1604221901732, "m": true, "M": true}, {"e": "aggTrade", "E": 1604221901842, "s": "ETHBTC", "a": 178113644, "p": "0.02818100", "q": "4.88100000", "f": 199141180, "l": 199141180, "T": 1604221901841, "m": true, "M": true}, {"e": "aggTrade", "E": 1604221908187, "s": "ETHBTC", "a": 178113645, "p": "0.02818100", "q": "0.83000000", "f": 199141181, "l": 199141181, "T": 1604221908186, "m": false, "M": true}, {"e": "aggTrade", "E": 1604221909802, "s": "ETHBTC", "a": 178113646, "p": "0.02818000", "q": "0.08600000", "f": 199141182, "l": 199141182, "T": 1604221909801, "m": true, "M": true}, {"e": "aggTrade", "E": 1604221910043, "s": "ETHBTC", "a": 178113647, "p": "0.02818100", "q": "0.22900000", "f": 199141183, "l": 199141183, "T": 1604221910042, "m": true, "M": true}, {"e": "aggTrade", "E": 1604221911014, "s": "ETHBTC", "a": 178113648, "p": "0.02818100", "q": "0.31900000", "f": 199141184, "l": 199141184, "T": 1604221911013, "m": true, "M": true}, {"e": "aggTrade", "E": 1604221911219, "s": "ETHBTC", "a": 178113649, "p": "0.02818100", "q": "0.07100000", "f": 199141185, "l": 199141185, "T": 1604221911217, "m": true, "M": true}, {"e": "aggTrade", "E": 1604221911283, "s": "ETHBTC", "a": 178113650, "p": "0.02818100", "q": "0.00500000", "f": 199141186, "l": 199141186, "T": 1604221911282, "m": true, "M": true}, {"e": "aggTrade", "E": 1604221912036, "s": "ETHBTC", "a": 178113651, "p": "0.02818200", "q": "0.70900000", "f": 199141187, "l": 199141187, "T": 1604221912035, "m": true, "M": true}, {"e": "aggTrade", "E": 1604221913310, "s": "ETHBTC", "a": 178113652, "p": "0.02818300", "q": "0.07100000", "f": 199141188, "l": 199141188, "T": 1604221913309, "m": true, "M": true}, {"e": "aggTrade", "E": 1604221913833, "s": "ETHBTC", "a": 178113653, "p": "0.02818300", "q": "0.47200000", "f": 199141189, "l": 199141189, "T": 1604221913831, "m": true, "M": true}, {"e": "aggTrade", "E": 1604221914067, "s": "ETHBTC", "a": 178113654, "p": "0.02818300", "q": "0.29300000", "f": 199141190, "l": 199141190, "T": 1604221914066, "m": true, "M": true}, {"e": "aggTrade", "E": 1604221914078, "s": "ETHBTC", "a": 178113655, "p": "0.02818300", "q": "0.31900000", "f": 199141191, "l": 199141191, "T": 1604221914077, "m": true, "M": true}, {"e": "aggTrade", "E": 1604221914793, "s": "ETHBTC", "a": 178113656, "p": "0.02818300", "q": "0.31900000", "f": 199141192, "l": 199141192, "T": 1604221914792, "m": true, "M": true}, {"e": "aggTrade", "E": 1604221915001, "s": "ETHBTC", "a": 178113657, "p": "0.02818300", "q": "0.07100000", "f": 199141193, "l": 199141193, "T": 1604221915000, "m": true, "M": true}, {"e": "aggTrade", "E": 1604221915215, "s": "ETHBTC", "a": 178113658, "p": "0.02818300", "q": "0.35500000", "f": 199141194, "l": 199141194, "T": 1604221915214, "m": true, "M": true}, {"e": "aggTrade", "E": 1604221915412, "s": "ETHBTC", "a": 178113659, "p": "0.02818300", "q": "0.35500000", "f": 199141195, "l": 199141195, "T": 1604221915410, "m": true, "M": true}, {"e": "aggTrade", "E": 1604221915518, "s": "ETHBTC", "a": 178113660, "p": "0.02818300", "q": "0.07100000", "f": 199141196, "l": 199141196, "T": 1604221915517, "m": true, "M": true}, {"e": "aggTrade", "E": 1604221915628, "s": "ETHBTC", "a": 178113661, "p": "0.02818300", "q": "15.44100000", "f": 199141197, "l": 199141197, "T": 1604221915627, "m": true, "M": true}, {"e": "aggTrade", "E": 1604221928851, "s": "ETHBTC", "a": 178113662, "p": "0.02818300", "q": "0.00600000", "f": 199141198, "l": 199141198, "T": 1604221928849, "m": true, "M": true}, {"e": "aggTrade", "E": 1604221929990, "s": "ETHBTC", "a": 178113663, "p": "0.02818300", "q": "0.10800000", "f": 199141199, "l": 199141199, "T": 1604221929989, "m": true, "M": true}, {"e": "aggTrade", "E": 1604221932494, "s": "ETHBTC", "a": 178113664, "p": "0.02818400", "q": "3.14400000", "f": 199141200, "l": 199141200, "T": 1604221932492, "m": false, "M": true}, {"e": "aggTrade", "E": 1604221932772, "s": "ETHBTC", "a": 178113665, "p": "0.02818600", "q": "0.56700000", "f": 199141201, "l": 199141201, "T": 1604221932770, "m": true, "M": true}, {"e": "aggTrade", "E": 1604221941690, "s": "ETHBTC", "a": 178113666, "p": "0.02818400", "q": "5.00000000", "f": 199141202, "l": 199141203, "T": 1604221941688, "m": true, "M": true}, {"e": "aggTrade", "E": 1604221941777, "s": "ETHBTC", "a": 178113667, "p": "0.02818400", "q": "5.00000000", "f": 199141204, "l": 199141204, "T": 1604221941776, "m": true, "M": true}, {"e": "aggTrade", "E": 1604221947431, "s": "ETHBTC", "a": 178113668, "p": "0.02818500", "q": "4.50800000", "f": 199141205, "l": 199141205, "T": 1604221947430, "m": false, "M": true}, {"e": "aggTrade", "E": 1604221949090, "s": "ETHBTC", "a": 178113669, "p": "0.02818500", "q": "0.01100000", "f": 199141206, "l": 199141206, "T": 1604221949089, "m": false, "M": true}, {"e": "aggTrade", "E": 1604221956538, "s": "ETHBTC", "a": 178113670, "p": "0.02818300", "q": "0.00600000", "f": 199141207, "l": 199141207, "T": 1604221956537, "m": true, "M": true}, {"e": "aggTrade", "E": 1604221956538, "s": "ETHBTC", "a": 178113671, "p": "0.02818200", "q": "0.08300000", "f": 199141208, "l": 199141208, "T": 1604221956537, "m": true, "M": true}, {"e": "aggTrade", "E": 1604221957411, "s": "ETHBTC", "a": 178113672, "p": "0.02818300", "q": "0.39100000", "f": 199141209, "l": 199141209, "T": 1604221957410, "m": false, "M": true}, {"e": "aggTrade", "E": 1604221957604, "s": "ETHBTC", "a": 178113673, "p": "0.02818300", "q": "4.80300000", "f": 199141210, "l": 199141210, "T": 1604221957603, "m": false, "M": true}, {"e": "aggTrade", "E": 1604221957767, "s": "ETHBTC", "a": 178113674, "p": "0.02818300", "q": "5.03700000", "f": 199141211, "l": 199141211, "T": 1604221957765, "m": false, "M": true}, {"e": "aggTrade", "E": 1604221960153, "s": "ETHBTC", "a": 178113675, "p": "0.02818200", "q": "0.02400000", "f": 199141212, "l": 199141212, "T": 1604221960151, "m": true, "M": true}, {"e": "aggTrade", "E": 1604221961822, "s": "ETHBTC", "a": 178113676, "p": "0.02818200", "q": "1.01000000", "f": 199141213, "l": 199141213, "T": 1604221961821, "m": true, "M": true}, {"e": "aggTrade", "E": 1604221961934, "s": "ETHBTC", "a": 178113677, "p": "0.02818200", "q": "0.31900000", "f": 199141214, "l": 199141214, "T": 1604221961933, "m": true, "M": true}, {"e": "aggTrade", "E": 1604221963619, "s": "ETHBTC", "a": 178113678, "p": "0.02818300", "q": "0.31900000", "f": 199141215, "l": 199141215, "T": 1604221963618, "m": false, "M": true}, {"e": "aggTrade", "E": 1604221963714, "s": "ETHBTC", "a": 178113679, "p": "0.02818300", "q": "0.31900000", "f": 199141216, "l": 199141216, "T": 1604221963712, "m": false, "M": true}, {"e": "aggTrade", "E": 1604221964274, "s": "ETHBTC", "a": 178113680, "p": "0.02818200", "q": "0.00900000", "f": 199141217, "l": 199141217, "T": 1604221964273, "m": true, "M": true}, {"e": "aggTrade", "E": 1604221973725, "s": "ETHBTC", "a": 178113681, "p": "0.02818200", "q": "1.38300000", "f": 199141218, "l": 199141218, "T": 1604221973723, "m": false, "M": true}, {"e": "aggTrade", "E": 1604221976241, "s": "ETHBTC", "a": 178113682, "p": "0.02818000", "q": "0.35500000", "f": 199141219, "l": 199141219, "T": 1604221976240, "m": true, "M": true}, {"e": "aggTrade", "E": 1604221976527, "s": "ETHBTC", "a": 178113683, "p": "0.02817900", "q": "1.02200000", "f": 199141220, "l": 199141220, "T": 1604221976526, "m": false, "M": true}, {"e": "aggTrade", "E": 1604221979862, "s": "ETHBTC", "a": 178113684, "p": "0.02818600", "q": "0.04500000", "f": 199141221, "l": 199141221, "T": 1604221979861, "m": false, "M": true}, {"e": "aggTrade", "E": 1604221979862, "s": "ETHBTC", "a": 178113685, "p": "0.02818700", "q": "0.21100000", "f": 199141222, "l": 199141222, "T": 1604221979861, "m": false, "M": true}, {"e": "aggTrade", "E": 1604221979862, "s": "ETHBTC", "a": 178113686, "p": "0.02818800", "q": "0.02500000", "f": 199141223, "l": 199141223, "T": 1604221979861, "m": false, "M": true}, {"e": "aggTrade", "E": 1604221979862, "s": "ETHBTC", "a": 178113687, "p": "0.02818900", "q": "0.71900000", "f": 199141224, "l": 199141224, "T": 1604221979861, "m": false, "M": true}, {"e": "aggTrade", "E": 1604221982020, "s": "ETHBTC", "a": 178113688, "p": "0.02818200", "q": "0.24700000", "f": 199141225, "l": 199141225, "T": 1604221982019, "m": true, "M": true}, {"e": "aggTrade", "E": 1604221982535, "s": "ETHBTC", "a": 178113689, "p": "0.02818400", "q": "3.96000000", "f": 199141226, "l": 199141226, "T": 1604221982533, "m": true, "M": true}, {"e": "aggTrade", "E": 1604221985595, "s": "ETHBTC", "a": 178113690, "p": "0.02818500", "q": "0.31500000", "f": 199141227, "l": 199141228, "T": 1604221985593, "m": false, "M": true}, {"e": "aggTrade", "E": 1604221986863, "s": "ETHBTC", "a": 178113691, "p": "0.02818400", "q": "5.00000000", "f": 199141229, "l": 199141229, "T": 1604221986862, "m": true, "M": true}, {"e": "aggTrade", "E": 1604221987115, "s": "ETHBTC", "a": 178113692, "p": "0.02818200", "q": "0.03600000", "f": 199141230, "l": 199141230, "T": 1604221987113, "m": true, "M": true}, {"e": "aggTrade", "E": 1604221988421, "s": "ETHBTC", "a": 178113693, "p": "0.02818500", "q": "0.01200000", "f": 199141231, "l": 199141231, "T": 1604221988419, "m": false, "M": true}, {"e": "aggTrade", "E": 1604221989705, "s": "ETHBTC", "a": 178113694, "p": "0.02818300", "q": "4.26700000", "f": 199141232, "l": 199141232, "T": 1604221989704, "m": true, "M": true}, {"e": "aggTrade", "E": 1604221991376, "s": "ETHBTC", "a": 178113695, "p": "0.02818300", "q": "0.01100000", "f": 199141233, "l": 199141233, "T": 1604221991375, "m": true, "M": true}, {"e": "aggTrade", "E": 1604222015697, "s": "ETHBTC", "a": 178113696, "p": "0.02818400", "q": "0.21000000", "f": 199141234, "l": 199141234, "T": 1604222015696, "m": false, "M": true}, {"e": "aggTrade", "E": 1604222016532, "s": "ETHBTC", "a": 178113697, "p": "0.02818300", "q": "0.15000000", "f": 199141235, "l": 199141235, "T": 1604222016530, "m": true, "M": true}, {"e": "aggTrade", "E": 1604222020572, "s": "ETHBTC", "a": 178113698, "p": "0.02818300", "q": "0.37400000", "f": 199141236, "l": 199141236, "T": 1604222020571, "m": false, "M": true}, {"e": "aggTrade", "E": 1604222022561, "s": "ETHBTC", "a": 178113699, "p": "0.02818300", "q": "0.09300000", "f": 199141237, "l": 199141237, "T": 1604222022559, "m": false, "M": true}, {"e": "aggTrade", "E": 1604222024724, "s": "ETHBTC", "a": 178113700, "p": "0.02818100", "q": "0.37200000", "f": 199141238, "l": 199141238, "T": 1604222024722, "m": false, "M": true}, {"e": "aggTrade", "E": 1604222029409, "s": "ETHBTC", "a": 178113701, "p": "0.02818100", "q": "0.08900000", "f": 199141239, "l": 199141239, "T": 1604222029408, "m": true, "M": true}, {"e": "aggTrade", "E": 1604222033334, "s": "ETHBTC", "a": 178113702, "p": "0.02818400", "q": "0.02800000", "f": 199141240, "l": 199141240, "T": 1604222033333, "m": false, "M": true}, {"e": "aggTrade", "E": 1604222035491, "s": "ETHBTC", "a": 178113703, "p": "0.02818000", "q": "0.46600000", "f": 199141241, "l": 199141241, "T": 1604222035490, "m": true, "M": true}, {"e": "aggTrade", "E": 1604222045613, "s": "ETHBTC", "a": 178113704, "p": "0.02818100", "q": "1.08100000", "f": 199141242, "l": 199141242, "T": 1604222045612, "m": true, "M": true}, {"e": "aggTrade", "E": 1604222048278, "s": "ETHBTC", "a": 178113705, "p": "0.02818400", "q": "0.19700000", "f": 199141243, "l": 199141243, "T": 1604222048277, "m": false, "M": true}, {"e": "aggTrade", "E": 1604222048278, "s": "ETHBTC", "a": 178113706, "p": "0.02818500", "q": "0.12200000", "f": 199141244, "l": 199141244, "T": 1604222048277, "m": false, "M": true}, {"e": "aggTrade", "E": 1604222061957, "s": "ETHBTC", "a": 178113707, "p": "0.02818400", "q": "1.85800000", "f": 199141245, "l": 199141245, "T": 1604222061956, "m": false, "M": true}, {"e": "aggTrade", "E": 1604222062254, "s": "ETHBTC", "a": 178113708, "p": "0.02818500", "q": "0.05000000", "f": 199141246, "l": 199141246, "T": 1604222062252, "m": false, "M": true}, {"e": "aggTrade", "E": 1604222074273, "s": "ETHBTC", "a": 178113709, "p": "0.02818500", "q": "0.02900000", "f": 199141247, "l": 199141249, "T": 1604222074271, "m": true, "M": true}, {"e": "aggTrade", "E": 1604222075649, "s": "ETHBTC", "a": 178113710, "p": "0.02818700", "q": "0.10500000", "f": 199141250, "l": 199141250, "T": 1604222075648, "m": false, "M": true}, {"e": "aggTrade", "E": 1604222085805, "s": "ETHBTC", "a": 178113711, "p": "0.02818700", "q": "0.36500000", "f": 199141251, "l": 199141251, "T": 1604222085804, "m": true, "M": true}, {"e": "aggTrade", "E": 1604222088423, "s": "ETHBTC", "a": 178113712, "p": "0.02818800", "q": "0.02900000", "f": 199141252, "l": 199141252, "T": 1604222088422, "m": true, "M": true}, {"e": "aggTrade", "E": 1604222088767, "s": "ETHBTC", "a": 178113713, "p": "0.02818900", "q": "0.01900000", "f": 199141253, "l": 199141253, "T": 1604222088766, "m": true, "M": true}, {"e": "aggTrade", "E": 1604222088888, "s": "ETHBTC", "a": 178113714, "p": "0.02818900", "q": "0.01700000", "f": 199141254, "l": 199141254, "T": 1604222088887, "m": true, "M": true}, {"e": "aggTrade", "E": 1604222093232, "s": "ETHBTC", "a": 178113715, "p": "0.02819200", "q": "0.28600000", "f": 199141255, "l": 199141255, "T": 1604222093231, "m": true, "M": true}, {"e": "aggTrade", "E": 1604222097178, "s": "ETHBTC", "a": 178113716, "p": "0.02819200", "q": "0.11600000", "f": 199141256, "l": 199141256, "T": 1604222097177, "m": true, "M": true}, {"e": "aggTrade", "E": 1604222097925, "s": "ETHBTC", "a": 178113717, "p": "0.02818900", "q": "6.00000000", "f": 199141257, "l": 199141257, "T": 1604222097924, "m": false, "M": true}, {"e": "aggTrade", "E": 1604222100703, "s": "ETHBTC", "a": 178113718, "p": "0.02819000", "q": "0.77600000", "f": 199141258, "l": 199141258, "T": 1604222100701, "m": true, "M": true}, {"e": "aggTrade", "E": 1604222102616, "s": "ETHBTC", "a": 178113719, "p": "0.02819300", "q": "0.05100000", "f": 199141259, "l": 199141259, "T": 1604222102615, "m": true, "M": true}, {"e": "aggTrade", "E": 1604222104772, "s": "ETHBTC", "a": 178113720, "p": "0.02819500", "q": "0.68500000", "f": 199141260, "l": 199141260, "T": 1604222104771, "m": false, "M": true}, {"e": "aggTrade", "E": 1604222114084, "s": "ETHBTC", "a": 178113721, "p": "0.02818800", "q": "0.92200000", "f": 199141261, "l": 199141261, "T": 1604222114082, "m": true, "M": true}, {"e": "aggTrade", "E": 1604222115127, "s": "ETHBTC", "a": 178113722, "p": "0.02818600", "q": "0.31900000", "f": 199141262, "l": 199141262, "T": 1604222115126, "m": true, "M": true}, {"e": "aggTrade", "E": 1604222115130, "s": "ETHBTC", "a": 178113723, "p": "0.02818600", "q": "0.31900000", "f": 199141263, "l": 199141263, "T": 1604222115128, "m": true, "M": true}, {"e": "aggTrade", "E": 1604222123233, "s": "ETHBTC", "a": 178113724, "p": "0.02818700", "q": "0.07300000", "f": 199141264, "l": 199141264, "T": 1604222123231, "m": false, "M": true}, {"e": "aggTrade", "E": 1604222123347, "s": "ETHBTC", "a": 178113725, "p": "0.02818700", "q": "0.31900000", "f": 199141265, "l": 199141265, "T": 1604222123344, "m": false, "M": true}, {"e": "aggTrade", "E": 1604222123485, "s": "ETHBTC", "a": 178113726, "p": "0.02818600", "q": "0.28300000", "f": 199141266, "l": 199141266, "T": 1604222123483, "m": true, "M": true}, {"e": "aggTrade", "E": 1604222125556, "s": "ETHBTC", "a": 178113727, "p": "0.02818700", "q": "3.34600000", "f": 199141267, "l": 199141268, "T": 1604222125554, "m": false, "M": true}, {"e": "aggTrade", "E": 1604222127010, "s": "ETHBTC", "a": 178113728, "p": "0.02818900", "q": "2.02600000", "f": 199141269, "l": 199141269, "T": 1604222127009, "m": true, "M": true}, {"e": "aggTrade", "E": 1604222128036, "s": "ETHBTC", "a": 178113729, "p": "0.02819000", "q": "0.09900000", "f": 199141270, "l": 199141270, "T": 1604222128032, "m": false, "M": true}, {"e": "aggTrade", "E": 1604222128480, "s": "ETHBTC", "a": 178113730, "p": "0.02819300", "q": "3.00000000", "f": 199141271, "l": 199141271, "T": 1604222128479, "m": false, "M": true}, {"e": "aggTrade", "E": 1604222128522, "s": "ETHBTC", "a": 178113731, "p": "0.02819400", "q": "3.00000000", "f": 199141272, "l": 199141272, "T": 1604222128520, "m": false, "M": true}, {"e": "aggTrade", "E": 1604222128639, "s": "ETHBTC", "a": 178113732, "p": "0.02819500", "q": "3.50800000", "f": 199141273, "l": 199141273, "T": 1604222128637, "m": false, "M": true}, {"e": "aggTrade", "E": 1604222131455, "s": "ETHBTC", "a": 178113733, "p": "0.02819600", "q": "1.30600000", "f": 199141274, "l": 199141274, "T": 1604222131454, "m": true, "M": true}, {"e": "aggTrade", "E": 1604222134610, "s": "ETHBTC", "a": 178113734, "p": "0.02819700", "q": "0.12500000", "f": 199141275, "l": 199141275, "T": 1604222134609, "m": false, "M": true}, {"e": "aggTrade", "E": 1604222139919, "s": "ETHBTC", "a": 178113735, "p": "0.02819600", "q": "0.63800000", "f": 199141276, "l": 199141276, "T": 1604222139917, "m": false, "M": true}, {"e": "aggTrade", "E": 1604222143498, "s": "ETHBTC", "a": 178113736, "p": "0.02819500", "q": "2.02000000", "f": 199141277, "l": 199141277, "T": 1604222143497, "m": false, "M": true}, {"e": "aggTrade", "E": 1604222147418, "s": "ETHBTC", "a": 178113737, "p": "0.02818700", "q": "5.00000000", "f": 199141278, "l": 199141278, "T": 1604222147417, "m": false, "M": true}, {"e": "aggTrade", "E": 1604222151321, "s": "ETHBTC", "a": 178113738, "p": "0.02818700", "q": "0.26600000", "f": 199141279, "l": 199141279, "T": 1604222151320, "m": false, "M": true}, {"e": "aggTrade", "E": 1604222152949, "s": "ETHBTC", "a": 178113739, "p": "0.02818600", "q": "0.98500000", "f": 199141280, "l": 199141280, "T": 1604222152947, "m": true, "M": true}